1923 3213
550 75 696 110 LIBER
723 75 750 110 Ι.
804 74 908 111 CAP.
939 80 969 121 1,
998 80 1028 111 ρ,
1084 80 1099 118 25
1128 80 1233 111 2—4.

99 188 438 242 sequereturque
480 188 523 228 et
560 185 877 229 illud.forense
921 186 1091 228 dicendi
1126 189 1168 229 et
1200 186 1283 229 hoc
1318 187 1513 243 quietum
1547 187 1691 243 dispu-

95 246 221 289 tandi
260 260 416 303 genus,
461 247 547 289 nisi
586 246 700 289 forte
738 245 988 288 Demetrius
1028 245 1266 289 Phalereus
1305 248 1350 290 in
1388 247 1470 290 hoc
1509 263 1691 290 numero

96 307 250 349 haberi
270 310 429 363 potest,
456 307 703 362 disputator
725 307 915 361 subtilis,
942 309 1090 349 orator
1109 322 1265 362 parum
1285 308 1533 363 vehemens,
1554 308 1691 350 dulcis

96 371 256 423 tamen,
282 370 331 410 ut
357 367 648 422 Theophrasti
675 368 938 423 discipulum
965 367 1108 422 possis
1131 382 1380 424 agnoscere.

62 428 79 454 ⁵
101 430 314 485 quantum
340 428 385 469 in
411 431 596 484 utroque
623 427 948 483 profecerimus,
982 428 1166 470 aliorum
1196 428 1253 470 sit
1279 428 1498 484 iudicium,
1531 437 1693 471 utrum-

777 488 995 545 Equidem
1036 490 1079 530 et
1118 488 1346 530 Platonem
1381 490 1616 545 existumo,
1655 490 1735 532 si4

94 563 231 605 genus
263 548 435 591 forense
468 549 636 592 dicendi
670 552 860 591 tractare
895 549 1123 604 voluisset,

95 503 178 545 que
216 490 329 530 certe
370 489 507 530 secuti
547 503 707 531 sumus.

95 609 266 652 sissime
292 609 487 664 potuisse
515 609 667 663 dicere,
695 612 738 651 et
759 609 1113 663 Demosthenem,
1135 610 1171 650 si
1198 609 1287 664 illa,
1323 624 1433 665 quae
1461 625 1486 652 a
1505 609 1691 652 Platone

94 670 316 725 didicerat,
347 670 563 712 tenuisset
597 676 640 712 et
673 670 960 725 pronuntiare
993 671 1225 723 voluisset,
1259 674 1413 712 ornate
1448 670 1692 726 splendide-

40 741 75 767 10
96 745 178 786 que
212 730 353 773 faeere
385 731 601 785 potuisse3
635 730 871 786 eodemque
904 730 1035 773 modo
1070 730 1121 772 de
1148 731 1387 772 Aristotele
1421 733 1464 773 et
1496 730 1692 773 Isocrate

91 791 246 845 iudico,
270 805 454 847 quorum
474 793 655 847 uterque
677 806 754 834 suo
777 791 920 833 studio
942 791 1181 833 delectatus
1203 791 1471 847 contempsit
1492 792 1692 833 alterum.

213 849 296 894 Sed
336 866 433 893 cum
473 852 724 894 statuissem
766 852 954 894 scribere
995 851 1048 894 ad
1088 854 1131 893 te
1166 851 1330 908 aliquid
1364 851 1447 894 hoe
1479 854 1687 907 tempore,

90 993 363 1041 Muhseligkeit
388 994 589 1030 bezeichne
593 996 610 1029 t
638 994 747 1030 wird:
783 999 847 1048 131

90 1055 216 1088 p.m.,
254 1033 814 1089 133ex41166,1116p.m

93 1097 124 1127 1.
145 1093 294 1138 sequiz.
317 1102 347 1127 c.
369 1096 425 1128 37.
446 1096 524 1127 132.
549 1090 647 1136 'Min
667 1104 734 1137 que
755 1060 851 1127 wird

89 1140 280 1186 zugeffigt‚
304 1140 422 1174 worin
447 1140 514 1174 das
539 1141 631 1175 idem
646 1161 694 1178 .—
717 1141 849 1175 elabor.

89 1188 244 1224 besteht
258 1189 300 1232 (z,
317 1192 336 1230 ξ
353 1192 398 1223 23
413 1200 462 1224 m.
485 1192 551 1223 aut
566 1189 720 1234 aliqum.
757 1188 850 1223 Eine

89 1235 218 1272 solehe
231 1235 452 1282 kopulative
463 1235 708 1282 Verbindung
717 1237 851 1272 zweier

90 1284 170 1320 sich
186 1284 423 1331 gegenseitig
439 1284 686 1320 e1k1a1enden
703 1285 779 1320 und
796 1296 850 1320 er-

90 1333 312 1391 g‘anzenden
340 1332 587 1369 Substantiva
621 1333 740 1379 pflegt
765 1345 852 1368 man

87 1380 133 1417 ἓν
151 1379 215 1417 διὰ
231 1383 342 1417 δυοῖν
361 1394 406 1417 zu
419 1393 580 1417 nennen.
616 1381 677 1417 Sic
692 1383 740 1417 ist
756 1382 852 1418 auch

91 1429 152 1465 bei
179 1430 343 1466 anderen
372 1429 593 1466 Wortarten
627 1432 688 1476 (30
710 1432 850 1479 percis)

90 1483 162 1524 atq.
190 1479 382 1522 sentimus,
428 1484 473 1515 65
507 1490 594 1514 vera
626 1483 659 1515 et
690 1480 851 1524 sapzens)

91 1527 167 1562 und
207 1526 272 1562 bei
307 1526 442 1563 Satzen
482 1527 588 1562 nicht
626 1528 764 1572 selten,
800 1528 852 1562 im

90 1575 308 1611 Deutsehen
333 1587 404 1610 nur
430 1576 469 1610 in
489 1575 643 1611 letztem
664 1576 769 1611 Falle
791 1587 854 1622 ge-

89 1623 511 1667 bruuohfich;S.9.7‚IH
525 1628 568 1659 70
578 1637 624 1658 m.
636 1625 755 1669 idque,
764 1624 852 1660 fam.

90 1671 125 1707 V
144 1676 177 1707 2.
200 1676 219 1708 7
240 1683 283 1708 ea
309 1673 483 1718 (iniuria)
511 1684 566 1708 me
597 1674 721 1717 affecit
748 1677 855 1718 atque

91 1721 281 1757 abeuntem
289 1721 512 1767 magistratu
528 1722 711 1757 coutinuis
720 1722 852 1756 habeu-

90 1770 160 1805 clae
172 1772 353 1815 potestate
363 1770 541 1814 privavit,
561 1770 629 1805 XV
647 1774 701 1806 14.
717 1773 738 1804 3
753 1770 853 1814 facio

91 1818 229 1863 tibique
253 1818 434 1863 gratulor,
457 1817 565 1854 Tusc.
587 1818 639 1852 IV
661 1822 680 1853 7
701 1820 849 1854 iustitu-

61 1870 168 1902 -tum
194 1867 394 1902 tenebimus
418 1867 603 1912 nullisque
634 1868 747 1902 unius
773 1868 847 1902 cles-

91 1915 254 1960 cipliuae
287 1915 426 1960 leyibus
457 1915 646 1959 adstricti,
679 1916 770 1961 quid
800 1916 849 1950 sit

89 1964 132 1999 in
157 1974 303 2008 quaque
326 1975 366 1999 re
389 1964 549 1998 maoeime
573 1964 775 2008 probabzffle
795 1975 848 1999 re-

90 2012 287 2057 quiremus,
314 2010 332 2045 I
352 2015 396 2046 17
415 2023 540 2056 geram
565 2012 635 2046 tibi
659 2023 793 2048 morem
817 2015 849 2047 et

90 2060 292 2105 explicabo.
316 2061 322 2104 ξ
345 2063 377 2094 2.
398 2060 441 2094 iu
454 2060 520 2095 hoc
531 2071 632 2095 uum.
647 2059 708 2095 fiir
719 2061 786 2095 hor
788 2071 850 2095 um

90 2108 141 2144 ist
161 2107 222 2143 die
235 2106 300 2143 bei
312 2118 495 2152 uumerus,
509 2119 635 2154 glenus,
649 2109 850 2143 multitudo

91 2157 141 2203 (II
161 2160 207 2192 70
221 2157 292 2201 ex.)
312 2157 383 2191 etc.
405 2155 670 2201 gewohnliche
691 2156 769 2192 und
789 2156 850 2191 bei

92 2204 258 2240 anderen
278 2203 437 2240 Worten
457 2203 622 2240 vielfach
642 2205 849 2250 gebrauch-

91 2253 192 2289 liche
218 2252 562 2288 Ausdrucksweise.
608 2252 716 2288 Auch
742 2263 851 2288 wenn

93 2301 160 2337 der
178 2301 353 2348 geztthlte
372 2300 618 2347 Gegenstand
640 2301 702 2337 bei
726 2313 849 2336 uume-

92 2360 158 2385 rus
194 2349 248 2385 im
283 2348 444 2384 Genetiv
485 2349 717 2394 dabeisteht,
756 2349 850 2384 wir-d

93 2398 276 2433 zuweilen
307 2397 369 2433 ein
400 2396 496 2432 dazu
527 2397 729 2443 geboriges
760 2397 852 2433 Pro-

93 2457 230 2481 nomen
249 2458 295 2480 zu
313 2456 489 2481 uumerus
508 2446 758 2489 konstruiert,
778 2445 850 2482 wie

93 2493 199 2529 Verr.
237 2492 291 2528 III
317 2498 363 2529 70
388 2505 438 2529 m.
483 2505 527 2529 ex
571 2505 641 2539 quo
686 2495 851 2529 iudicum

94 2552 256 2586 numero,
275 2540 308 2576 V
323 2545 391 2577 160
405 2542 448 2576 iu
460 2542 525 2577 illo
537 2553 689 2578 ‘numero
703 2543 850 2587 civium,

93 2590 156 2626 bei
181 2600 296 2636 =uenus
313 2589 354 2625 in
373 2590 439 2625 der
458 2589 578 2636 Regel
600 2592 632 2635 (ξ
655 2594 724 2626 120
743 2603 779 2636 p.
800 2591 849 2625 in.

93 2642 172 2674 nat.
183 2649 259 2674 ‘nou
271 2639 426 2674 vitiosae
436 2640 575 2683 glenus).
615 2639 689 2673 Ein
703 2639 850 2674 solehes

94 2688 136 2723 iol
161 2697 276 2732 genus
299 2687 487 2722 homiuum
506 2686 629 2722 bleibt
649 2698 761 2731 sogar
785 2699 854 2721 un-

97 2734 312 2779 vert'mdert,
330 2746 441 2770 wenn
461 2734 596 2769 darauf
611 2733 672 2770 ein
686 2734 853 2770 Relativ-

100 2785 180 2819 satz
206 2782 322 2827 folgt‚
348 2783 481 2818 dessen
500 2783 675 2818 Pronom.
703 2783 770 2818 auf
792 2784 852 2818 ho-

99 2832 240 2867 miuum
259 2830 427 2877 bezogen
445 2830 505 2875 ist,
525 2831 596 2866 wie
616 2830 720 2866 Verr.
736 2831 771 2865 II
786 2835 851 2866 141

100 2880 197 2915 illud
227 2890 341 2924 yeuus
365 2880 564 2924 pecuniae,
596 2891 705 2925 quae,
738 2880 856 2914 unten

100 2927 137 2962 II
164 2931 208 2964 72
233 2927 302 2972 in„
345 2928 423 2962 und
474 2927 570 2963 ohne
620 2927 856 2963 bestimmtes

928 994 1054 1030 Subst.
1084 998 1168 1040 sagt
1195 1005 1281 1029 man
1304 994 1400 1029 illud
1419 1005 1534 1040 yenus
1554 1005 1689 1038 eorum,

926 1045 1007 1088 qui,
1030 1045 1202 1078 wortiber
1228 1046 1247 1085 ξ
1270 1047 1337 1077 119
1359 1042 1409 1077 in.
1452 1043 1552 1078 Aber
1572 1043 1690 1078 selbst

927 1093 1025 1127 ohne
1052 1103 1176 1126 eorum
1209 1091 1327 1126 findet
1360 1090 1440 1125 sich
1473 1091 1535 1126 fin.
1562 1091 1614 1125 111
1643 1096 1690 1126 70

926 1151 971 1175 επ
984 1151 1022 1174 eo
1036 1151 1175 1184 genere,
1187 1151 1280 1184 quac
1296 1142 1466 1183 prosunt,
1479 1139 1626 1181 Quinct.
1644 1143 1688 1175 75

926 1200 970 1223 ec
996 1200 1035 1223 eo
1061 1199 1231 1231 munero,
1267 1189 1332 1233 qui
1365 1188 1536 1222 (licerent.
1588 1187 1688 1222 End-

927 1235 1004 1271 lich
1043 1236 1194 1271 werden
1241 1247 1354 1281 sogar
1392 1234 1600 1281 Adjektiva
1645 1247 1688 1270 zu

926 1297 1026 1319 uicm.
1057 1284 1132 1318 und
1157 1295 1272 1330 glenus
1298 1285 1391 1319 stau
1417 1296 1460 1318 zu
1489 1284 1574 1318 dem
1596 1283 1686 1319 Gen.

927 1332 1202 1377 hinzugesetzt:
1243 1333 1349 1368 Verr.
1378 1332 1409 1366 V
1439 1335 1506 1367 153
1547 1343 1591 1367 ea:
1624 1334 1688 1367 illo

927 1382 1144 1416 Sertoriano
1172 1393 1272 1416 uum.
1294 1382 1472 1424 militum,
1500 1381 1532 1415 ΙΙ
1557 1384 1623 1416 123
1644 1393 1689 1416 ue

922 1431 1051 1475 plures
1071 1433 1185 1465 esseut
1206 1431 1247 1464 iu
1266 1433 1397 1464 senatu
1417 1440 1462 1465 eoe
1479 1430 1689 1464 colonorum

927 1490 1079 1514 numero
1109 1490 1219 1523 quam
1252 1489 1298 1512 ew
1328 1481 1442 1513 vetere
1475 1477 1688 1523 Ayriyeuti-

928 1538 1077 1571 uorum,
1098 1526 1196 1562 Phil.
1218 1526 1266 1561 111
1291 1530 1311 1561 3
1339 1538 1383 1561 ex
1403 1527 1542 1561 invicto
1561 1537 1688 1571 yenere

928 1579 1184 1611 veteranorum
1217 1575 1393 1617 militum,
1428 1574 1582 1609 ‘athnlieh
1616 1574 1687 1610 wie

929 1628 974 1659 93
1013 1625 1132 1659 omnis
1172 1624 1312 1659 sedatio
1349 1623 1687 1668 perturbationum,

928 1672 980 1707 111
997 1676 1042 1708 74
1056 1673 1179 1718 turpis
1193 1676 1281 1707 uota
1295 1675 1508 1716 temporum.
1533 1674 1537 1715 Ι
1561 1675 1592 1707 3.
1611 1671 1688 1706 dis-

922 1724 1005 1765 put.
1058 1719 1235 1756 Gemeint
1272 1719 1323 1754 ist
1350 1720 1410 1754 die
1438 1718 1605 1765 Sprache
1632 1719 1688 1754 als

927 1769 1126 1804 Ausdruck
1172 1769 1238 1803 der
1283 1767 1546 1804 Gedanken.
1611 1768 1644 1802 H
1667 1772 1685 1802 7

928 1828 1001 1861 ex.,
1036 1818 1137 1860 134,
1172 1817 1291 1852 11120
1317 1817 1443 1852 clisser.
1474 1819 1477 1859 Ι
1508 1819 1540 1851 5.
1568 1815 1613 1851 N.
1642 1814 1684 1850 D.

922 1866 938 1900 Ι
962 1870 1002 1900 11
1027 1877 1080 1910 sq.
1113 1866 1147 1900 si
1171 1866 1340 1911 singulas
1367 1865 1588 1909 disciplinas
1601 1875 1687 1909 per-

923 1915 1043 1960 cipere
1074 1925 1250 1960 mayuum
1288 1917 1356 1956 est,
1394 1916 1533 1957 quanto
1565 1913 1687 1947 maius

923 1963 1064 1998 omnis!
1086 1961 1201 1998 Cuius
1220 1963 1273 1997 rei
1286 1965 1412 1997 tautae
1426 1965 1570 2006 tamque
1585 1961 1686 2004 diffi-

923 2012 1006 2046 cilis
1030 2012 1245 2055 facultatem
1278 2013 1508 2044 consecutum
1533 2019 1605 2043 esse
1632 2020 1688 2044 me

923 2070 999 2094 nou
1019 2059 1214 2104 profiteor,
1239 2061 1401 2093 secutum
1420 2068 1492 2092 esse
1507 2068 1603 2102 prae
1628 2068 1683 2092 me

922 2108 1011 2151 fero.
1035 2106 1040 2152 1
1063 2107 1223 2142 aliorum
1247 2107 1296 2141 sit
1321 2105 1514 2140 iudicium.
1556 2105 1684 2150 Vergl.

924 2154 978 2190 III
999 2159 1043 2191 55
1059 2167 1120 2199 m.‚
1144 2159 1212 2190 110
1227 2166 1259 2190 a.
1282 2167 1342 2198 m.,
1363 2154 1452 2189 fam.
1474 2153 1561 2188 XIV
1584 2156 1638 2188 18.
1666 2157 1683 2188 1

925 2204 966 2239 icl
990 2215 1067 2239 uon
1099 2204 1215 2239 solum
1247 2214 1366 2238 meum
1397 2202 1592 2237 consilium
1624 2205 1686 2244 est,

925 2252 987 2287 sed
1013 2253 1122 2287 etiam
1148 2255 1321 2293 vestrum,
1355 2250 1422 2286 fat.
1451 2255 1471 2285 3
1505 2250 1606 2294 optio
1637 2250 1687 2284 sit

925 2303 1009 2344 tua,
1030 2299 1134 2335 Verr.
1157 2301 1173 2334 Ι
1197 2303 1266 2334 142
1287 2299 1463 2344 probatio
1481 2299 1614 2341 futura
1635 2300 1686 2332 est

926 2352 1008 2393 tua,
1045 2348 1145 2385 Cael.
1173 2352 1195 2382 4
1229 2352 1280 2383 est
1311 2348 1384 2382 ista
1408 2350 1529 2382 vestra
1560 2347 1685 2381 existi-

925 2398 1057 2441 matio,
1086 2396 1233 2432 Cluent.
1263 2399 1308 2431 80
1335 2406 1439 2441 quem
1465 2395 1514 2430 acl
1538 2394 1686 2429 modum

924 2446 1082 2488 audiar,
1120 2446 1256 2489 sentio,
1296 2455 1369 2478 uon
1403 2443 1509 2478 modo
1540 2442 1586 2477 ab
1625 2442 1685 2483 iis,

924 2504 1079 2539 quorum
1099 2494 1281 2528 iudicium
1301 2503 1344 2528 ac
1359 2494 1521 2536 potestas
1541 2492 1604 2533 est,
1623 2490 1687 2525 secl

924 2542 1035 2577 etiam
1066 2541 1112 2577 ab
1144 2542 1238 2585 illis,
1270 2551 1425 2586 quorum
1456 2541 1601 2573 tautum
1633 2541 1684 2581 est

924 2590 1164 2631 existimati0;
1187 2589 1222 2624 S
1244 2593 1276 2624 6.
1300 2592 1319 2623 6
1340 2587 1417 2622 und
1437 2586 1471 2621 Π
1492 2590 1535 2621 71
1552 2597 1588 2631 p.
1604 2598 1652 2620 m.
1677 2586 1682 2632 Ι

927 2643 959 2673 6.
985 2639 1101 2673 secuti
1120 2641 1140 2680 ξ
1161 2640 1205 2672 35
1231 2648 1263 2673 a
1285 2649 1332 2670 m.
1357 2637 1418 2680 19
1445 2638 1564 2669 tenere
1585 2634 1686 2669 ‘tren

927 2685 1335 2731 bleiben21prouuut.
1366 2683 1468 2717 ‘zum
1488 2682 1685 2717 Ausdruck

926 2733 1102 2779 bringen,
1135 2734 1354 2795 vortrag’en,
1388 2741 1437 2765 an
1462 2730 1522 2765 die
1543 2722 1684 2766 Offent-

926 2781 1088 2817 lichkeit
1121 2780 1308 2826 bringen’.
1361 2779 1396 2814 S.
1425 2778 1536 2814 Sorof
1560 2779 1605 2814 de
1632 2790 1683 2814 or.

928 2831 1029 2874 166,
1057 2832 1229 2873 88‚154,
1255 2828 1393 2873 11156,
1420 2826 1465 2863 N
1488 2827 1532 2861 D.
1560 2828 1683 2869 1113

928 2878 1046 2922 vergl.
1074 2877 1127 2911 III
1154 2880 1198 2912 66
1225 2887 1280 2912 ex,

980 2930 1033 2961 12.
1061 2925 1267 2960 statuissem
1286 2937 1315 2960 z.
1337 2924 1390 2958 III
1410 2927 1454 2959 88
1475 2935 1524 2958 m.
1545 2923 1685 2958 debere-

1347 2983 1396 3018 1*

1666 76 1692 118 3

1431 368 1524 411 Nos
1545 372 1693 411 autem

1164 549 1424 605 gravissime
1465 553 1509 592 et
1548 549 1692 605 copio-

1714 851 1740 879 0

1714 879 1737 892 :A
