1891 3213
480 87 625 122 LIBER
651 87 695 122 Π.
748 86 851 123 CAP.
882 91 937 132 18,
966 92 1020 124 19.
1071 91 1090 130 ς
1118 92 1270 124 64—67.

1583 89 1669 131 125

78 196 316 252 indignius,
364 195 480 251 quod
519 210 569 238 eo
610 198 806 250 tempore
840 196 922 238 hoc
955 197 1159 253 contigit,
1206 213 1303 239 cum
1343 198 1380 239 is
1420 202 1550 253 esset,
1596 199 1669 254 qui

79 271 229 298 omnes
264 256 529 312 superiores,
569 256 726 311 quibus
760 255 926 298 honore
958 271 1039 311 par
1072 260 1204 312 esset,
1237 257 1419 299 scientia
1451 258 1577 300 facile
1610 260 1670 301 vi-

79 316 221 358 cisset.
285 315 403 358 Haec
441 315 577 371 igitur
616 330 747 370 opera
795 318 923 372 grata
966 317 1116 358 multis
1157 319 1199 358 et
1239 317 1292 358 ad
1331 317 1552 360 beneficiis
1593 319 1669 360 ob-

80 375 354 431 stringendos
387 375 588 417 hommes
621 375 962 417 accommodat-a.

1025 375 1170 431 Atque
1203 376 1304 418 huic
1345 378 1428 418 arti
1467 377 1669 420 finituma
1684 392 1728 424 6ss

43 446 60 471 5
81 437 149 477 est
174 435 344 477 dicendi
371 434 583 491 [gravior]
612 434 797 476 facultas
825 438 868 476 et
894 435 1061 490 gratior
1088 439 1129 477 et
1157 436 1363 479 ornatior.
1414 436 1525 486 Quid
1554 438 1668 480 enim

80 495 329 550 eloquentia
372 494 682 549 praestabilius
727 495 795 536 vel
841 495 1129 537 admiratione
1173 496 1442 537 audientium
1482 497 1551 538 vel
1593 513 1668 553 spe

78 554 370 610 indigentium
402 554 471 595 vel
505 568 676 608 eorum,
710 554 783 609 qui
816 554 983 596 defensi
1017 557 1129 609 sunt,
1163 555 1336 611 gratia?

1398 555 1513 598 Huic
1549 559 1670 612 [quo-

79 615 180 670 que]
215 627 318 670 ergo
353 628 379 655 a
404 613 644 655 maioribus
676 614 841 655 nostris
875 617 941 656 est
973 614 1020 655 in
1051 617 1158 670 toga
1191 615 1420 670 dignitatis
1453 616 1669 672 principa-

76 676 148 716 tus
181 673 321 716 datus.
377 672 541 715 Diserti
573 673 708 729 igitur
740 673 930 716 hominis
958 676 1001 715 et
1027 674 1153 716 facile
1180 674 1436 729 laborantis,
1469 676 1669 732 quodque

24 744 58 769 10
77 733 121 775 in
161 733 318 788 patriis
358 735 425 774 est
469 733 683 784 moribus,
729 734 968 776 multorum
1011 749 1164 776 causas
1205 737 1247 776 et
1286 750 1374 777 non
1413 739 1594 791 gravate
1628 739 1670 778 et

78 793 270 849 gratuito
313 792 585 834 defendentis
625 793 836 835 beneficia
873 796 917 836 et
955 794 1201 848 patrocinia
1233 795 1320 836 late
1353 798 1516 849 patent.

75 911 128 946 sic
148 914 275 955 partes
297 911 492 946 collocatae
513 913 612 953 sunt,
642 914 683 945 ut
705 930 763 953 —,
795 911 837 946 id

76 959 120 994 ob
155 969 216 993 eas
251 968 400 1003 causas,
444 957 624 993 111100a.
647 970 695 992 m.
740 958 837 993 illud

76 1006 203 1049 etiam,
250 1009 317 1041 109
333 1017 365 1041 a.
380 1018 429 1040 m.
466 1006 563 1050 quod
600 1006 713 1050 idem,
759 1006 836 1040 und

75 1054 270 1099 indiynius
289 1054 340 1088 ist
363 1053 526 1089 Adverb.
547 1054 624 1088 und
650 1053 756 1099 giebt
776 1054 836 1089 ein

76 1101 200 1136 Urteil
219 1101 257 1136 in
278 1101 345 1136 der
366 1101 469 1137 S.75.
485 1105 529 1135 21
551 1101 836 1146 besprochenen

76 1148 215 1185 Weise.
251 1151 255 1192 Ι
293 1153 324 1184 1.
352 1159 391 1184 eo
405 1152 510 1194 temp.
527 1159 663 1183 —cum
677 1153 765 1184 esset
782 1149 836 1183 ‘in

77 1196 202 1232 einer
241 1196 339 1241 Zeit,
379 1207 437 1231 wo
465 1196 525 1222 —-'
567 1196 636 1231 wie
671 1198 704 1231 is
735 1200 835 1239 esset,

75 1244 141 1289 qui
177 1244 320 1279 vicisset
360 1243 437 1278 ‘ein
475 1243 590 1289 Manu
632 1244 729 1288 lebt,
770 1244 837 1279 der

75 1290 305 1327 fibertroffen
327 1291 424 1328 hat'.
468 1290 570 1326 Uber
596 1302 668 1327 esse
689 1291 832 1326 ‘leben’

77 1338 112 1374 S.
131 1343 187 1374 32.
203 1343 246 1374 21
259 1367 267 1383 ,
288 1340 381 1374 fiber
402 1338 462 1374 die
484 1340 673 1384 Tempora
693 1343 779 1375 esset
799 1352 833 1376 u.

75 1387 220 1422 vicisset
232 1387 268 1422 S.
282 1390 341 1422 22.
356 1391 410 1422 12.
450 1387 527 1422 Das
537 1386 712 1422 Pr'aterit.
727 1388 834 1423 vicis-

75 1438 127 1470 set
143 1434 363 1470 bezeichnet
382 1434 588 1480 gleichsam
613 1434 678 1470 das
698 1435 835 1481 fertige

76 1482 253 1518 Resultat
286 1483 352 1518 des
385 1483 456 1517 mit
488 1483 561 1518 den
586 1482 836 1529 Vorgangern

76 1529 389 1576 eingegangenen
426 1530 694 1566 Wettstreites.
762 1531 834 1566 Ge-

75 1577 195 1614 meint
231 1577 282 1613 ist
314 1579 416 1614 Serv,
445 1578 634 1623 Sulpicius
660 1578 789 1614 Rufus.
828 1587 830 1625 ῑ

75 1630 109 1662 3.
137 1626 187 1661 ad
207 1626 320 1670 benef.
343 1627 450 1662 obstr.
472 1627 564 1662 hom.
588 1627 672 1662 sehr
692 1627 834 1663 seltene

77 1673 437 1720 Zwischenstellung
452 1674 555 1709 eines
577 1675 741 1710 anderen
760 1675 834 1709 Ka-

76 1733 138 1757 sus
182 1721 307 1757 ausser
346 1722 431 1758 dem
471 1722 603 1757 Genet.
650 1722 835 1758 zwischen

76 1768 137 1804 die
170 1769 323 1815 Priapos.
356 1769 433 1804 und
465 1769 574 1805 ihren
599 1770 737 1814 Kasus,
764 1782 834 1805 nur

11 1847 19 1853 .
75 1817 175 1852 noch
188 1815 292 1852 Brut.
307 1820 352 1852 45
374 1818 416 1852 in
436 1818 741 1853 constituentibus
760 1829 835 1853 rem

73 1871 110 1908 p.
143 1875 208 1900 nec
247 1866 289 1900 in
333 1865 427 1901 bella
470 1867 695 1911 yerentibus‘,
734 1865 832 1901 Phil.

75 1911 195 1946 11114
220 1913 263 1947 in
287 1923 442 1957 ‘reynum
467 1917 709 1958 appetentem,
729 1914 794 1949 fat.
813 1918 833 1949 5

75 1960 118 1994 in
150 1959 311 1995 brumali
346 1961 404 1995 die
445 1962 562 2004 natis,
604 1961 699 1996 Tim.
716 1965 771 1996 12.
787 1965 833 1997 45

75 2008 118 2041 in
142 2007 221 2042 suis
245 2008 408 2043 moribus
439 2009 646 2044 simillimas
679 2009 832 2053 ἥρω-αθ,

75 2053 264 2090 fin.11133
291 2066 308 2090 e
334 2058 474 2091 natura
500 2056 682 2099 absolut03
727 2055 834 2092 Tusc.

75 2101 93 2136 Ι
116 2106 182 2137 102
216 2103 260 2138 de
291 2103 387 2138 nihil
418 2104 625 2147 sentiendo,
657 2104 720 2138 bei
753 2103 834 2140 Cas.

75 2149 264 2195 nirgends.
299 2151 303 2194 Ι
338 2154 369 2186 5.
397 2162 498 2195 qrav.
511 2150 562 2186 ist
576 2151 835 2187 ohneZweifel

75 2198 236 2244 unecht‚
275 2198 590 2235 wahrscheinlich
633 2203 835 2245 ursprfing-

74 2245 152 2280 lich
160 2245 342 2282 Variante
355 2259 401 2281 zu
408 2247 563 2292 qratior,
572 2246 642 2282 wie
653 2248 687 2282 S.
701 2251 717 2281 1
724 2251 779 2282 14.
790 2247 833 2282 22

75 2294 263 2338 yraviores
293 2294 382 2330 Var.
421 2306 466 2329 zu
503 2295 683 2340 qratiores
720 2294 781 2330 ist.
828 2296 830 2342 j

75 2341 219 2385 qratior
250 2345 283 2377 et
305 2346 424 2378 ornat.
448 2342 534 2377 ‘mit
550 2343 657 2378 mehr
670 2341 837 2378 Beliebt-

66 2387 158 2423 -heit
184 2388 240 2433 (S.
265 2393 344 2424 122.
366 2391 410 2434 2)
445 2390 522 2424 und
547 2390 836 2436 Auszeichnung

76 2436 324 2480 verbunden'3
346 2437 513 2473 S.38.17.
538 2440 542 2482 Ι
566 2442 650 2482 sssq.
670 2439 833 2474 audient.

77 2504 122 2509 —
154 2484 271 2529 indiq.
318 2485 453 2529 (neben
492 2496 633 2528 eorum,
677 2487 742 2530 qui
774 2488 833 2531 —)

77 2530 180 2566 S.10.
195 2536 251 2567 16.
287 2534 292 2576 l
328 2536 359 2567 7.
394 2532 744 2577 quoqkonntesich
763 2546 834 2568 nur

76 2578 145 2613 auf
183 2580 269 2615 huic
311 2579 503 2616 beziehen.
563 2581 669 2616 Zwar
708 2581 833 2617 finden

77 2625 160 2661 sich
191 2627 289 2662 auch
319 2627 382 2662 bei
415 2627 489 2663 Cic.
525 2627 648 2673 einige
677 2628 831 2673 Stellen,

75 2672 117 2707 in
149 2673 272 2710 denen
304 2686 408 2720 quoq.
440 2675 547 2710 nicht
583 2687 678 2721 ganz
710 2687 833 2721 genau

76 2733 122 2755 zu
149 2721 235 2757 dein
257 2722 389 2758 Worte
415 2723 677 2768 hinzugesetzt
701 2723 762 2767 ist,
789 2737 834 2759 zu

77 2768 164 2803 dem
190 2780 229 2805 es
255 2769 461 2815 eigentlich
493 2771 645 2816 gehort,
673 2772 834 2808 sondern

77 2827 123 2850 zu
156 2816 278 2852 einem
316 2818 427 2853 dabei
462 2819 668 2853 stehenden
702 2819 832 2855 Genet.

79 2862 169 2898 oder
186 2864 339 2910 Adjekt.
368 2866 505 2911 (vergl.
526 2866 580 2901 III
595 2870 640 2902 80
655 2866 704 2901 in.
729 2878 774 2902 nc
789 2888 833 2892 -—

77 2911 242 2957 quidem)
274 2913 364 2949 oder
388 2914 614 2959 umgekehrt
640 2927 685 2949 zu
712 2914 834 2950 einem

1579 796 1666 838 Ad·
1683 809 1726 842 67

912 911 1035 946 Subst.
1065 913 1159 947 statt
1186 924 1229 946 zu
1254 911 1386 947 dessen
1406 913 1491 959 Adj.
1514 914 1604 949 oder
1625 927 1669 949 zu

911 959 1033 994 einem
1067 959 1360 1004 Reflexivpron.,
1395 961 1460 996 das
1493 961 1573 996 sich
1605 962 1672 997 auf

911 1007 976 1042 das
1005 1007 1166 1052 Subjekt
1190 1007 1356 1051 bezieht,
1390 1011 1485 1044 statt
1511 1022 1556 1044 zu
1583 1010 1669 1045 dem

912 1054 1013 1099 Subj.
1054 1054 1124 1090 wie
1167 1054 1208 1097 Q.
1231 1055 1338 1091 Rosc.
1364 1061 1379 1091 1
1421 1059 1454 1092 si
1488 1058 1549 1092 ille
1581 1069 1670 1094 suas

905 1103 1069 1147 proferet
1095 1103 1258 1145 tabulas,
1278 1104 1444 1148 proferet
1469 1116 1556 1140 suas
1582 1117 1669 1151 quo-

909 1161 977 1194 que
997 1150 1165 1195 Roscius,
1188 1151 1288 1186 Caes.
1307 1151 1377 1186 civ.
1394 1152 1427 1186 ΙΙ
1444 1157 1497 1188 17.
1515 1157 1535 1188 3
1551 1165 1606 1189 ex,
1634 1165 1670 1190 se

910 1208 1050 1243 quoque
1082 1199 1131 1233 ad
1162 1202 1280 1234 motus
1318 1200 1493 1242 fortunae
1530 1213 1670 1238 movere

911 1247 1037 1290 coepit.
1081 1246 1269 1292 Nirgends
1296 1248 1387 1282 aber
1413 1249 1563 1284 bezieht
1589 1249 1670 1285 sich

910 1304 1013 1338 quoq.
1054 1294 1122 1328 auf
1158 1295 1230 1329 den
1269 1306 1413 1340 ganzen
1453 1296 1558 1341 Satz,
1598 1297 1668 1333 wie

910 1351 996 1375 man
1036 1341 1117 1376 hier
1155 1343 1223 1376 hat
1267 1344 1466 1378 verstehen
1514 1345 1668 1380 wollen:

913 1389 1017 1424 ‘Dies
1032 1389 1082 1424 ist
1097 1390 1192 1424 auch
1208 1390 1273 1424 der
1283 1390 1424 1435 Grund,
1439 1403 1583 1427 warum
1594 1394 1666 1428 —’.

909 1436 1201 1473 Unzweifelhaft
1216 1439 1288 1473 soll
1310 1439 1670 1476 derBeredsamkeit

910 1485 965 1519 als
999 1485 1065 1519 der
1097 1489 1129 1520 et
1160 1487 1303 1530 qratior
1336 1491 1368 1522 et
1403 1489 1572 1523 ornatior
1607 1500 1670 1525 ars

910 1532 976 1567 der
1002 1532 1175 1578 Vorrang
1200 1534 1338 1579 gerade
1365 1546 1432 1570 vor
1459 1536 1524 1571 der
1551 1536 1670 1572 Juris—

909 1579 1075 1625 prudenz
1095 1581 1294 1617 vindiziert
1314 1583 1477 1618 werden.
1507 1584 1598 1619 Also
1619 1585 1670 1620 ist

909 1639 1013 1673 quoq.
1052 1628 1303 1675 widersinnig.
1353 1632 1357 1675 l
1404 1632 1447 1666 in
1478 1635 1563 1677 toga
1597 1632 1668 1668 wie

911 1675 944 1709 S.
975 1680 1029 1711 50.
1059 1680 1096 1720 5,
1131 1681 1187 1712 51.
1217 1682 1235 1712 7
1270 1690 1305 1713 u.
1341 1679 1404 1714 oft.
1447 1681 1452 1722 Ι
1494 1684 1526 1714 9.
1559 1681 1670 1723 facile

909 1724 1120 1769 entspricht
1133 1725 1320 1770 ungefahr
1331 1737 1504 1762 unserem
1518 1728 1669 1763 ‘hereit-

908 1771 1045 1816 willig,
1081 1773 1190 1817 gern’
1219 1773 1289 1809 wie
1325 1774 1364 1809 in
1399 1775 1511 1818 facile
1540 1777 1670 1820 patior

910 1818 965 1863 (S.
999 1823 1077 1854 131.
1110 1824 1148 1862 9;
1188 1825 1266 1856 145.
1305 1823 1365 1866 6),
1423 1834 1546 1868 genau
1587 1824 1669 1859 das-

910 1866 1011 1902 selbe
1026 1868 1096 1903 wie
1113 1869 1148 1903 Z.
1162 1873 1205 1904 10
1220 1880 1295 1904 non
1314 1874 1476 1914 qrarate.
1513 1879 1516 1913 Ι
1553 1872 1667 1907 labor.

910 1915 945 1949 S.
968 1919 998 1949 2.
1025 1919 1079 1950 14.
1122 1916 1191 1951 Die
1218 1917 1576 1954 Beschwerlichkeit
1602 1920 1668 1954 des

908 1962 1064 1998 Berufes
1104 1963 1197 1998 wird
1243 1965 1471 2000 absichtlich
1515 1967 1668 2002 hervor-

909 2010 1092 2054 gehoben.
1124 2015 1128 2054 Ι
1160 2016 1213 2047 10.
1241 2014 1353 2047 estin
1373 2024 1461 2048 mor.
1476 2013 1576 2049 S.33.
1600 2019 1632 2049 9.
1662 2020 1665 2056 1

914 2061 968 2091 11.
995 2062 1089 2102 μναῖ.
1132 2059 1376 2095 Alliteration
1403 2060 1474 2096 mit
1505 2066 1667 2107 yravate,

910 2105 1032 2140 wobei
1047 2106 1107 2141 die
1124 2107 1308 2143 seltenere
1320 2108 1430 2143 Form
1443 2111 1537 2145 statt
1550 2112 1670 2155 ⁸aratis

910 2153 964 2187 als
985 2152 1044 2188 die
1064 2155 1207 2190 vollere
1227 2155 1435 2201 bevorzugt
1453 2157 1514 2192 ist.
1551 2160 1555 2202 1
1593 2157 1668 2194 Das

910 2200 1028 2235 durch
1050 2200 1110 2236 die
1132 2202 1191 2237 lex
1213 2202 1343 2239 Cincia
1362 2215 1450 2239 vom
1471 2206 1504 2240 J.
1521 2209 1591 2240 204
1613 2218 1668 2241 er-

909 2248 1055 2284 lassene
1081 2249 1242 2295 Verbot,
1279 2251 1556 2296 gerichtlichen
1585 2254 1668 2289 Bei-

910 2296 1020 2331 stand
1040 2297 1119 2332 sich
1139 2298 1321 2334 bezahlen
1342 2312 1386 2334 zu
1406 2300 1529 2336 lassen
1553 2301 1668 2346 (Cato

910 2343 958 2378 M.
975 2348 1017 2379 10
1038 2345 1095 2381 Ieoe
1117 2345 1247 2382 Cincia
1267 2348 1310 2383 de
1330 2348 1438 2383 donis
1457 2352 1490 2384 et
1508 2351 1668 2385 muneri-

911 2391 1010 2437 bus),
1026 2394 1153 2429 wurde
1173 2395 1365 2430 natiirlich
1380 2395 1545 2432 vielfach
1558 2397 1666 2432 fiber-

909 2439 1043 2475 treten.
1072 2441 1252 2478 Par.6.4s
1274 2446 1358 2478 tuas
1378 2445 1580 2479 mercedum
1595 2457 1666 2489 pa-

908 2488 1044 2524 ctiones
1057 2489 1098 2523 in
1107 2491 1344 2534 patrociniis.
1372 2492 1377 2536 2
1400 2491 1513 2535 benef.
1523 2496 1556 2526 et
1563 2497 1664 2537 patr.

909 2534 944 2569 S.
962 2539 1037 2572 3.1.
1080 2538 1085 2580 Ι
1126 2538 1402 2573 Atiniam—ni
1415 2550 1554 2575 vererer
1581 2540 1667 2576 Bre—

906 2582 1104 2628 viloquenz
1137 2585 1192 2629 (S.
1210 2590 1265 2620 39.
1286 2587 1325 2630 7)
1358 2586 1416 2620 fiir
1437 2587 1666 2631 admonebat,

907 2631 1009 2675 eique
1041 2633 1290 2668 admonitioni
1315 2645 1486 2678 parerem
1513 2656 1567 2669 —.
1616 2636 1664 2672 So

907 2679 972 2713 Ac.
988 2679 1023 2713 ΙΙ
1039 2684 1084 2715 64
1098 2691 1153 2715 ex.
1177 2682 1379 2716 auctoritas
1394 2685 1501 2718 tanta
1519 2694 1573 2718 me
1592 2695 1665 2720 mo-

907 2726 1022 2770 vebat,
1044 2728 1120 2762 nisi
1140 2731 1181 2762 tu
1201 2729 1444 2774 opposuisses,
1466 2730 1566 2776 legg.
1585 2732 1602 2766 I
1618 2736 1662 2767 52

908 2773 1057 2810 labebar
1077 2776 1236 2820 Zonyius,
1255 2777 1331 2811 nisi
1349 2788 1403 2812 me
1422 2779 1663 2823 retinuissem,

909 2819 982 2857 div.
999 2822 1014 2856 I
1030 2826 1074 2857 26
1085 2834 1138 2858 ex.
1159 2824 1226 2858 ubi
1240 2828 1320 2859 erat
1332 2836 1544 2869 mansurus,
1564 2828 1598 2862 si
1611 2829 1665 2863 ire

902 2870 1133 2912 perrexisset.
1162 2871 1407 2918 Vollstandig
1418 2873 1505 2909 fam.
1516 2875 1585 2910 VH
1597 2879 1628 2910 3.
1642 2879 1662 2910 2

907 2916 950 2950 in
988 2929 1028 2953 ea
1064 2920 1243 2955 sententia
1275 2921 1470 2957 ridebatur
1499 2923 1595 2966 fore,
1631 2926 1664 2958 et
