1875 3214
156 74 215 116 56
788 84 852 120 DE
881 86 1082 124 OFFICIIS

159 187 202 226 et
235 186 465 243 castigatio
499 192 760 234 contumelia
791 209 942 238 vacare
969 197 1097 240 debet
1121 213 1260 254 neque
1287 202 1340 243 ad
1368 203 1472 260 eius,
1506 207 1578 261 qui
1604 210 1732 263 puni-

158 247 229 286 tur
261 246 446 301 aliquem
481 252 555 291 aut
586 251 726 293 verbis
760 255 957 311 castigat,
991 258 1063 299 sed
1096 259 1148 300 ad
1181 260 1242 301 rei
1268 262 1468 315 publicae
1494 266 1729 312 utilitatem

99 313 144 345 89
159 304 321 346 referri.
373 305 620 351 Cavendum
655 314 719 353 est
751 314 893 367 etiam,
925 331 977 358 ne
1010 318 1148 360 maior
1180 334 1319 373 poena
1352 337 1480 377 quam
1508 326 1633 381 culpa
1659 329 1729 384 sit,

157 366 199 404 et
231 379 285 406 ne
317 365 452 408 isdem
486 368 536 409 de
569 371 708 413 causis
742 373 815 415 alii
846 375 1112 429 plectantur,
1146 379 1219 420 alii
1251 395 1303 422 ne
1336 384 1607 439 appellentur
1640 389 1730 443 qui-

159 422 266 466 dem.
331 424 602 471 Prohibenda
642 434 784 474 autem
823 435 1008 477 maxime
1048 440 1113 479 est
1149 438 1215 480 ira
1245 439 1289 481 in
1322 442 1557 500 puniend03
1607 460 1769 490 num-5

159 497 288 537 quam
317 486 442 541 enim,
474 488 610 531 iratus
639 492 711 545 qui
739 494 911 536 accedet
937 496 989 537 ad
1015 511 1213 553 poenam,
1241 500 1583 547 mediocritatem
1609 506 1730 550 illam

154 543 337 598 tenebit,
386 561 492 601 quae
539 551 604 590 est
647 551 758 593 inter
796 553 977 596 nimium
1012 559 1054 597 et
1084 572 1255 614 parum,
1300 575 1408 615 quae
1440 563 1585 618 placet
1615 564 1731 609 Peri-

154 604 372 658 pateticiS,
422 609 464 648 et
505 612 620 650 recte
663 611 824 667 placet,
869 614 995 656 modo
1034 631 1088 657 ne
1130 617 1358 662 laudarent
1387 621 1654 667 iracundiam
1687 629 1735 668 et

156 660 345 705 dicerent
377 666 546 709 utiliter
578 684 602 710 a
634 673 790 713 natura
822 672 983 716 datam.
1045 675 1126 718 Illa
1159 692 1257 720 vero
1291 681 1492 724 omnibus
1524 684 1568 724 in
1600 685 1728 728 rebus

156 723 420 777 repudianda
454 730 519 768 est
552 730 888 787 optandumque,
923 737 970 775 ut
1001 735 1050 789 ii,
1083 737 1154 791 qui
1187 743 1394 792 praesunt
1425 743 1485 784 rei
1517 744 1729 801 publicae,
1749 759 1784 784 10

154 780 300 837 legum
340 785 503 827 similes
543 789 649 843 sint,
697 804 803 844 quae
842 792 895 833 ad
933 795 1195 848 puniendum
1239 812 1328 840 non
1368 800 1608 859 iracundia,
1653 805 1727 848 sed

156 842 373 897 aequitate
407 845 627 889 ducuntur.

82 876 139 968 ἓξ
273 902 415 958 Atque
448 906 576 947 etiam
604 908 648 948 in
676 909 804 951 rebus
836 913 1055 967 prosperis
1084 918 1127 956 et
1153 915 1206 957 ad
1233 918 1503 962 voluntatem
1529 925 1724 966 nostram

151 959 383 1004 fluentibus
436 967 681 1019 superbiam
734 984 1021 1027 magnopere,
1073 973 1294 1025 fastidium
1347 981 1725 1039 arrogantiamque

150 1019 379 1074 fugiamus.
430 1023 544 1066 Nam
571 1030 617 1067 ut
650 1028 851 1071 adversas
884 1046 964 1086 res,
998 1032 1058 1075 sic
1086 1035 1293 1078 secundas
1319 1037 1585 1083 inmoderate
1612 1042 1724 1086 ferre
1744 1055 1780 1081 15

150 1079 342 1123 levitatis
376 1086 451 1137 est,
485 1087 788 1144 praeclaraque
815 1092 881 1132 est
907 1093 1191 1147 aequabilitas
1218 1095 1262 1137 in
1290 1098 1405 1139 omni
1432 1100 1521 1142 vita
1548 1104 1591 1142 et
1609 1102 1724 1156 idem

136 1153 320 1195 semper
351 1145 494 1199 vultus
529 1146 759 1202 eademque
804 1149 941 1206 frons,
985 1156 1034 1193 ut
1072 1153 1121 1194 de
1164 1153 1339 1197 Socrate
1371 1157 1561 1215 itemque
1593 1161 1644 1203 de
1677 1160 1723 1206 O.

149 1197 298 1242 Laelio
332 1204 585 1257 accepimus.
647 1207 897 1263 Philippum
931 1212 1119 1266 quidem,
1151 1212 1434 1258 Macedonum
1466 1233 1626 1275 regem,
1658 1236 1721 1263 re-

149 1258 229 1300 bus
263 1262 397 1315 gestis
432 1267 473 1304 et
505 1265 644 1319 gloria
673 1272 920 1322 superatum
955 1286 980 1312 a
1012 1271 1113 1326 filio,
1146 1273 1354 1317 facilitate
1382 1279 1424 1318 et
1449 1277 1722 1323 humanitate

148 1318 273 1360 video
308 1322 573 1375 superiorem
606 1325 757 1382 fuisse3
807 1329 953 1384 itaque
999 1332 1106 1373 alter
1153 1347 1320 1389 semper
1364 1351 1565 1393 magnus,
1611 1340 1721 1383 alter
1741 1353 1779 1379 20

149 1391 275 1433 saepe
307 1382 602 1438 turpissimus3
642 1390 690 1427 ut
721 1390 834 1429 recte
866 1390 1113 1445 praecipere
1146 1393 1394 1449 videantur,
1427 1398 1498 1451 qui
1531 1404 1721 1457 monent,

148 1440 212 1492 ut,
258 1444 418 1493 quanto
466 1446 705 1498 superiores
742 1447 893 1503 simus,
937 1452 1059 1492 tanto
1091 1466 1171 1493 nos
1205 1467 1405 1509 geramus
1438 1458 1719 1504 summissius.

147 1496 381 1541 Panaetius
415 1502 586 1556 quidem
619 1504 891 1563 Africanum,
934 1510 1176 1553 auditorem
1216 1515 1258 1554 et
1290 1513 1548 1559 familiarem
1581 1533 1719 1575 suum,

148 1557 321 1600 solitum
344 1560 405 1602 ait
426 1562 575 1617 dicere,
598 1563 671 1606 ‘ut
699 1580 853 1622 equos
880 1573 1091 1624 propter
1117 1572 1324 1614 crebras
1352 1577 1718 1622 contentiones

146 1618 468 1670 proeliorum
501 1622 778 1668 ferocitate
812 1628 1106 1672 exultantes
1139 1631 1482 1677 domitoribus
1508 1638 1717 1681 tradere

147 1676 369 1733 soleant,
414 1684 469 1722 ut
512 1682 578 1723 iis
618 1683 948 1730 facilioribus
986 1690 1193 1746 possint
1226 1692 1319 1747 uti,
1370 1694 1442 1736 sic
1483 1694 1717 1740 homines

145 1803 297 1842 Grunde
322 1808 418 1847 ,hier
455 1809 515 1844 fiir
553 1811 619 1846 das
659 1826 702 1848 zu
735 1815 891 1851 admini-

142 1855 258 1888 strari
276 1856 499 1898 passendere
518 1870 574 1893 res
586 1861 690 1904 publ.
715 1864 890 1907 gewahlt.

147 1900 182 1934 S.
206 1901 257 1935 ΙΙΙ
278 1905 321 1937 23
336 1903 397 1947 in.‚
424 1917 451 1940 z.
468 1905 501 1939 ΙΙ
516 1910 557 1940 73
573 1918 626 1942 ex.
653 1910 657 1953 Ι
682 1913 712 1944 1.
729 1912 892 1954 punitur

145 1948 262 1983 durch
270 1950 411 1986 Nonius
426 1952 653 1999 fiberliefert,
663 1956 722 1991 die
733 1958 886 1994 Hdschr.

145 1995 267 2031 haben
293 2000 416 2042 punit.
452 2002 455 2042 Ι
490 2005 522 2036 3.
559 2004 677 2039 maior
702 2016 825 2049 poena
857 2019 886 2052 q.

142 2044 252 2089 culpa
291 2046 390 2081 kann
428 2059 514 2083 man
557 2051 651 2085 auch
688 2064 714 2087 z.
750 2053 844 2099 S:.2·
870 2059 885 2089 1

142 2092 304 2127 rechnen
341 2095 416 2128 und
460 2096 623 2133 darnach
669 2099 728 2134 die
772 2100 888 2137 Uber-

143 2139 299 2185 setzung
324 2141 541 2179 einrichten.
579 2147 582 2188 Ι
618 2150 650 2180 4.
679 2149 803 2182 alii—
823 2151 892 2185 alii

143 2186 178 2221 S.
200 2190 231 2221 2.
249 2191 280 2222 2.
317 2189 322 2233 Ι
357 2192 487 2234 appell.
510 2193 666 2237 aliquem
682 2195 763 2230 ‘das
782 2197 891 2233 Wort

141 2245 188 2268 an
212 2234 368 2279 jemand
389 2238 563 2283 richten'‚
585 2241 637 2276 sei
663 2253 701 2277 es
728 2255 789 2278 um
811 2245 890 2280 sich

141 2280 213 2316 mit
240 2282 318 2317 ihm
352 2297 395 2319 zu
433 2287 672 2324 unterhalten
705 2290 793 2326 oder
824 2292 890 2327 ihn

143 2341 187 2363 zu
220 2329 339 2365 bitten
374 2332 462 2367 oder
494 2346 538 2369 zu
571 2335 701 2382 fragen
733 2338 822 2373 oder
846 2352 890 2375 zu

140 2377 321 2412 welchem
366 2379 520 2415 Zwecke
566 2385 684 2427 sonst,
736 2386 887 2430 speziell

140 2424 196 2459 oft
226 2436 311 2459 vom
339 2426 545 2474 Glaubiger
573 2430 779 2475 ‘mahnen’,
807 2434 888 2469 hier

140 2483 179 2506 so
215 2472 284 2507 wie
317 2473 384 2508 wir
416 2487 529 2521 sagen
565 2477 657 2513 ‘ihm
694 2481 752 2514 ein
780 2481 888 2516 Wort

140 2520 281 2564 sagen'.
300 2521 303 2566 Ι
322 2525 353 2556 5.
373 2526 489 2558 autem
502 2523 535 2559 S.
552 2529 666 2561 77.18.
684 2526 689 2572 Ι
713 2531 744 2562 7.
762 2529 885 2573 Perip.

138 2566 306 2602 Tusc.IV
316 2573 359 2604 38
370 2581 423 2606 ex.
445 2573 564 2607 mollis
583 2577 615 2608 et
641 2580 811 2611 enervata
837 2581 887 2612 est

142 2614 469 2660 Peripateticorum
495 2621 590 2655 ratio
616 2625 648 2656 et
673 2624 803 2666 oratio,
823 2625 888 2669 qui

131 2664 349 2706 perturbari
359 2666 500 2702 animos
513 2679 649 2704 necesse
664 2670 792 2705 dieunt
804 2682 887 2715 esse,

137 2710 198 2744 sed
218 2711 390 2747 adhibent
408 2715 552 2750 modum
571 2718 763 2761 quendam,
785 2730 887 2764 quem

138 2758 238 2792 ultra
260 2761 434 2804 promeriti
457 2772 533 2797 non
558 2769 737 2809 oporteat,
769 2766 818 2801 ib.
841 2771 885 2801 43

140 2804 381 2850 Peripatetici
434 2812 729 2853 perturbationes
783 2815 886 2858 istaS,

137 2863 229 2896 quas
278 2864 343 2888 nos
398 2858 641 2901 extirpandas
696 2864 884 2905 putamus,

135 2910 212 2934 non
254 2902 358 2937 modo
402 2906 586 2941 naturalis
623 2918 694 2942 esse
743 2909 883 2953 dicunt,

966 1818 1028 1853 sed
1053 1819 1159 1853 etiam
1185 1820 1326 1855 utiliter
1352 1834 1376 1856 a
1400 1826 1539 1859 natura
1563 1825 1682 1861 datas.
1708 1827 1713 1874 Ι

967 1868 997 1900 8.
1039 1866 1266 1902 laudarent
1297 1868 1385 1904 lafst
1423 1870 1503 1906 sich
1544 1872 1715 1910 erklaren

964 1912 1035 1947 wie
1067 1916 1318 1950 contenderent
1352 1915 1385 1952 S.
1418 1922 1472 1954 55.
1502 1923 1541 1964 3,
1587 1922 1714 1957 wiirde

965 1961 1054 1996 aber
1080 1963 1175 1997 auch
1209 1963 1305 1998 ohne
1337 1964 1464 2000 diesen
1499 1966 1626 2003 Grund
1652 1980 1714 2015 ge-

965 2010 1058 2043 setzt
1097 2010 1192 2053 sein,
1231 2022 1293 2045 um
1338 2012 1398 2047 die
1442 2013 1631 2051 Irrealitat
1668 2029 1713 2052 zu

961 2055 1203 2101 bezeichnen,
1242 2058 1312 2093 wie
1344 2059 1404 2095 bei
1437 2062 1471 2096 si
1505 2061 1556 2098 ΙΙΙ
1583 2068 1630 2099 44
1650 2076 1712 2108 m.‚

965 2104 1193 2140 anderw‘arts
1230 2105 1291 2141 bei
1329 2109 1437 2152 quasi
1477 2110 1553 2144 und
1584 2113 1714 2156 potius

963 2162 1072 2196 quam
1097 2152 1158 2187 fin.
1192 2153 1225 2188 Il
1246 2157 1290 2188 42
1307 2166 1378 2198 ex,
1404 2155 1456 2191 IV
1477 2160 1522 2192 39
1537 2168 1610 2203 ex.,
1637 2159 1711 2195 div.

962 2198 997 2232 ΙΙ
1021 2203 1104 2242 127,
1128 2204 1212 2244 133,
1239 2201 1344 2238 Varr.
1365 2214 1393 2238 r.
1408 2215 1435 2239 r.
1462 2205 1478 2238 I
1495 2209 1548 2239 13.
1566 2209 1597 2246 7,
1626 2205 1710 2242 Val.

964 2246 1010 2280 M.
1033 2247 1065 2281 V
1087 2251 1140 2282 10.
1163 2252 1183 2282 2
1199 2259 1271 2292 ex.,
1299 2250 1385 2285 Tac.
1411 2255 1494 2286 ann.
1515 2251 1602 2289 XIV
1621 2257 1678 2288 21.
1703 2254 1708 2301 Ι

964 2297 996 2328 9.
1035 2306 1116 2329 vero
1135 2295 1241 2329 nicht
1253 2295 1530 2342 Konjunktion,
1550 2301 1711 2337 sondern

963 2341 1020 2375 Ad
1027 2342 1122 2377 verb.
1134 2343 1204 2377 wie
1216 2344 1252 2377 in
1262 2344 1479 2381 Antworten
1490 2346 1537 2392 (ΙΙ
1549 2351 1590 2383 71
1601 2359 1636 2393 p.
1645 2347 1711 2394 in„

960 2388 1011 2423 ΙΙΙ
1039 2392 1082 2424 97
1104 2401 1158 2424 ex,
1191 2391 1292 2434 etc.);
1336 2390 1389 2427 III
1417 2397 1454 2438 1,
1481 2397 1544 2438 34,
1577 2399 1640 2438 993
1679 2410 1708 2433 z.

962 2435 996 2472 S.
1020 2439 1075 2472 87.
1098 2441 1152 2471 29.
1190 2439 1194 2481 Ι
1232 2442 1285 2475 10.
1319 2445 1501 2484 praesunt
1525 2442 1586 2477 fiir
1598 2454 1708 2488 prae-

960 2484 1035 2518 sint
1062 2485 1113 2529 (ΙΙ
1137 2488 1179 2519 14
1196 2498 1229 2529 p.
1243 2485 1312 2530 in.,
1345 2491 1388 2522 72
1410 2491 1474 2533 m.)
1495 2489 1585 2525 oder
1596 2502 1706 2536 prae·

960 2535 1067 2566 erunt
1092 2531 1146 2576 (S.
1171 2536 1226 2568 66.
1242 2534 1288 2578 8)
1314 2547 1342 2570 z,
1371 2535 1405 2570 S.
1428 2540 1483 2571 48.
1508 2541 1561 2573 12.

1011 2583 1063 2614 16.
1085 2581 1127 2614 in
1141 2582 1240 2615 omni
1256 2582 1333 2617 vita
1356 2582 1407 2617 ‘in
1425 2583 1526 2619 allen
1542 2584 1704 2621 Lebens-

960 2625 1107 2671 lagen'3
1142 2627 1176 2663 S.
1198 2632 1252 2663 20.
1277 2633 1337 2674 16,
1365 2634 1419 2666 80.
1448 2635 1505 2667 20.
1555 2633 1561 2676 Ι
1611 2633 1708 2668 idem

960 2675 1083 2709 vultus
1116 2675 1150 2711 S.
1172 2679 1226 2710 37.
1252 2680 1308 2712 22.
1348 2677 1454 2713 Tusc.
1492 2679 1545 2714 III
1571 2683 1626 2715 31.
1647 2681 1708 2717 hic

960 2725 1010 2755 est
1039 2722 1100 2756 ille
1131 2723 1252 2758 vultus
1283 2735 1419 2769 semper
1455 2726 1567 2770 idem,
1603 2739 1706 2773 quem

959 2769 1097 2803 dicitur
1123 2769 1337 2815 Xanthippe
1355 2774 1576 2816 praedicare
1595 2775 1706 2810 solita

958 2816 1000 2850 in
1029 2817 1109 2851 viro
1139 2828 1205 2852 suo
1241 2820 1373 2864 fuisse,
1414 2821 1532 2856 eodem
1567 2832 1704 2867 semper

957 2873 993 2898 se
1023 2864 1155 2899 vidisse
1191 2869 1375 2901 exeuntem
1405 2868 1510 2902 illum
1540 2869 1644 2905 domo
1671 2873 1705 2905 et

955 2915 1193 2947 revertentem.
1230 2915 1236 2958 Ι
1279 2917 1332 2949 17.
1372 2914 1415 2949 de
1442 2913 1478 2952 Ο.
1505 2915 1634 2952 Laelio
1673 2927 1702 2953 s,
