1891 3213
483 109 632 144 LIBER
657 110 682 145 I.
737 109 840 144 CAP.
868 112 1019 144 30-32.
1071 112 1090 151 ξ
1114 111 1311 142 109-115.

108 220 245 263 lenior
277 233 424 261 eorum
457 218 546 260 vita
578 220 621 260 et
652 232 794 260 mores
820 217 997 259 fuerant
1027 217 1264 271 faciliores,
1307 214 1465 257 Catoni
1498 230 1594 257 cum
1627 215 1688 256 in-

108 279 353 323 crebidilem
385 278 616 320 tribuisset
646 281 804 319 natura
837 277 1099 332 gravitatem
1138 291 1318 330 eamque
1350 276 1443 330 ipse
1477 277 1688 330 perpetua

1628 106 1685 147 69

107 339 354 383 constantia
396 338 692 380 roboravisset
733 351 987 392 semperque
1034 336 1079 377 in
1131 336 1354 391 proposito
1401 339 1687 389 susceptoque

106 399 286 441 consilio
319 398 647 452 permansisset,
688 397 957 438 moriendum
989 395 1136 451 potius
1170 411 1299 450 quam
1333 395 1508 450 tyranni
1541 394 1687 436 vultus

70 470 86 497 5
107 458 380 513 aspiciendus
412 457 508 498 fuit.
560 456 700 505 Quam
734 456 873 498 multa
905 470 1059 510 passus
1093 458 1159 496 est
1190 455 1340 497 Ulixes
1366 455 1411 496 in
1437 455 1512 496 illo
1542 465 1757 496 errore113
1782 461 1804 467 “
1846 461 1870 512 ᾗ

104 518 319 569 diuturno,
346 532 443 559 cum
471 519 514 558 et
540 517 804 570 mulieribus,
831 516 868 557 si
889 515 1009 558 Circe
1037 518 1079 557 et
1101 513 1289 569 Calypso
1311 514 1512 555 mulieres
1541 515 1687 568 appel-

103 577 256 620 landae
290 580 402 631 sunt,
434 577 665 618 inserviret
697 579 741 618 et
770 576 816 617 in
849 576 968 617 omni
1001 589 1196 616 sermone
1224 574 1425 616 omnibus
1453 573 1686 615 adfabilem

106 639 167 690 [et
192 637 442 688 iucundum]
466 651 571 682 ,esse
598 651 642 691 se
668 636 816 678 vellet!
851 635 968 677 domi
994 649 1095 676 vero
1124 634 1253 676 etiam
1282 633 1570 676 contumelias
1599 648 1687 674 ser—

103 712 255 739 vorum
289 691 629 751 ancillarumque
661 695 852 750 pertulit,
885 698 934 736 ut
967 694 1020 736 ad
1053 694 1097 735 id
1131 693 1374 749 aliquando,
1409 693 1522 748 quod
1549 693 1686 747 cupie-

53 768 85 794 10
107 756 198 810 bat,
243 757 419 798 veniret.

104 818 288 859 mortem
321 830 451 871 quam
482 816 558 857 illa
589 816 757 869 perpeti
791 814 1028 856 maluisset.

482 756 542 797 At
579 756 710 808 Aiax,
756 769 841 810 quo
875 754 1020 796 animo
1054 754 1262 807 traditur,
1306 753 1449 794 milies
1483 756 1686 807 oppetere

1092 813 1209 863 Quae
1237 813 1584 868 contemplantes
1618 827 1685 853 ex-

103 875 289 931 pendere
323 875 567 929 oportebit,
613 875 714 930 quid
748 874 928 929 quisque
961 873 1123 915 habeat
1163 873 1246 927 sui,
1292 887 1426 927 eaque
1472 872 1687 914 moderari

104 950 183 978 nec
218 935 326 978 velle
360 935 567 990 experiri,
601 949 731 990 quam
765 949 810 976 se
844 933 985 975 aliena
1018 934 1216 987 deceant,
1261 933 1305 974 id
1338 933 1452 974 enim
1486 946 1685 973 maxume

106 1009 318 1050 quemque
345 994 477 1049 decet,
510 994 624 1050 quod
652 997 718 1035 est
749 994 953 1048 cuiusque
986 1007 1186 1035 maxume
1221 1007 1358 1034 suum.
1409 991 1543 1033 Suum
1570 992 1758 1046 quis-114

51 1066 84 1092 1⁵
106 1069 187 1109 que
220 1054 355 1108 igitur
386 1058 540 1096 noscat
570 1053 796 1110 ingenium
830 1067 1057 1108 acremque
1091 1067 1135 1094 se
1169 1054 1211 1093 et
1244 1052 1457 1094 bonorum
1492 1054 1534 1092 et
1560 1052 1684 1093 vitio-

105 1129 203 1156 rum
248 1129 422 1156 suorum
466 1114 651 1155 iudicem
697 1113 925 1168 praebeat,
970 1127 1024 1154 ne
1071 1111 1256 1154 scaenici
1296 1112 1394 1166 plus
1434 1125 1563 1166 quam
1605 1126 1685 1153 nos

107 1173 334 1215 videantur
365 1173 524 1215 habere
558 1173 825 1228 prudentiae.
876 1172 946 1213 Illi
980 1173 1096 1213 enim
1128 1186 1218 1213 non
1251 1175 1468 1226 optumaS,
1502 1170 1575 1212 sed
1603 1170 1687 1212 sibi

107 1233 593 1275 accommodatissumas
627 1232 799 1274 fabulas
833 1232 1015 1286 eligunt,
1058 1232 1131 1287 qui
1162 1245 1266 1272 voce
1300 1231 1400 1272 freti
1434 1232 1553 1284 sunt,
1585 1230 1686 1284 Ep}

106 1306 244 1348 gondos
277 1292 547 1348 Medumque,
580 1293 652 1347 qui
686 1295 823 1348 gestu,
855 1291 1162 1346 Melanippam,
1196 1289 1543 1345 Clytemestram,
1577 1304 1686 1331 sem·

52 1364 86 1389 20
105 1367 183 1407 per
207 1351 421 1407 Rupilius,
448 1367 574 1406 quem
603 1366 683 1408 ego
712 1352 900 1405 memini,
933 1352 1183 1405 Antiopam,
1215 1365 1303 1392 non
1331 1364 1459 1404 saepe
1486 1349 1686 1403 Aesopus

105 1411 295 1454 Aiacem.
345 1411 466 1467 Ergo
492 1411 649 1453 histrio
676 1411 759 1453 hoc
779 1411 943 1452 videbit
962 1410 1008 1452 in
1029 1425 1197 1464 scaena,
1222 1425 1310 1452 non
1331 1410 1495 1451 videbit
1514 1410 1686 1464 sapiens

105 1472 171 1513 vir
201 1472 247 1513 in
278 1471 399 1513 vita?
433 1471 501 1513 Ad
535 1486 642 1526 quas
675 1471 810 1526 igitur
842 1485 910 1512 res
944 1470 1158 1525 aptissimi
1192 1470 1364 1524 erimus,
1395 1469 1442 1510 in
1473 1470 1526 1511 iis
1553 1469 1688 1523 potis-

106 1530 264 1572 simum
296 1531 637 1586 elaborabimus3
684 1532 752 1573 sin
792 1531 1026 1585 aliquando
1065 1530 1304 1572 necessitas
1336 1544 1416 1571 nos
1451 1529 1503 1570 ad
1537 1543 1586 1570 ea
1619 1528 1687 1569 de-

106 1591 304 1646 truserit,
355 1605 463 1646 quae
516 1591 654 1632 nostri
704 1590 871 1646 ingenii
914 1605 1002 1632 non
1053 1593 1197 1645 erunt,
1249 1589 1390 1631 omnis
1443 1588 1688 1630 adhibenda

53 1661 86 1688 25
108 1650 191 1691 erit
240 1665 364 1704 cura,
421 1651 671 1704 meditatio,

730 1650 975 1705 diligentia,
1017 1652 1066 1691 ut
1111 1664 1161 1691 ea
1207 1650 1243 1691 si
1280 1664 1369 1691 non
1420 1648 1591 1702 decore,
1643 1651 1688 1690 at

106 1724 237 1764 quam
269 1710 447 1752 minime
479 1710 677 1752 indecore
716 1710 856 1752 facere
895 1710 1128 1764 possimus,
1169 1724 1247 1751 nec
1286 1711 1376 1750 tam
1417 1710 1483 1749 est
1522 1708 1687 1749 eniten-

107 1768 226 1823 dum,
263 1773 312 1811 ut
342 1769 475 1824 bona,
509 1784 617 1825 quae
644 1769 771 1811 nobis
805 1769 907 1811 data
938 1784 1027 1810 non
1059 1770 1169 1823 sint,
1203 1783 1446 1823 sequamur,
1479 1782 1607 1823 quam
1641 1770 1689 1808 ut

87 1882 94 1888 .
105 1828 214 1870 vitia
245 1828 476 1883 fugiamus.

228 1888 292 1930 Ac
319 1889 484 1931 duabus
511 1889 564 1930 iis
597 1889 807 1943 personis,
841 1903 947 1943 quas
976 1903 1107 1943 supra
1134 1888 1235 1940 dixi,
1267 1888 1396 1929 tertia
1424 1887 1686 1942 adiungitur,

54 1958 89 1983 30
109 1961 241 2001 quam
273 1963 397 1990 casus
430 1948 562 2002 aliqui
603 1951 677 1990 aut
715 1952 886 2002 tempus
931 1948 1121 2002 inponit,
1168 1951 1323 2002 quarta
1363 1948 1511 2001 etiam,
1556 1961 1687 2001 quam

107 2006 329 2048 nobismet
359 2008 444 2062 ipsi
476 2007 633 2049 iudicio
666 2010 816 2049 nostro
850 2007 1236 2049 accommodamus.
1287 2005 1400 2048 Nam
1434 2019 1579 2061 regna,
1611 2006 1689 2047 im-

106 2066 245 2119 peria,
277 2067 503 2119 nobilitas,
535 2067 742 2121 honores,
776 2067 970 2119 divitiae,
1012 2081 1114 2120 opes
1149 2080 1300 2120 eaque,
1341 2080 1450 2121 quae
1484 2068 1587 2106 sunt
1618 2065 1687 2106 his

108 2126 344 2180 contraria,
388 2126 434 2167 in
473 2140 574 2167 casu
615 2126 700 2167 sita
738 2126 1008 2180 temporibus
1049 2126 1365 2180 gubernantum
1417 2124 1502 2180 ipsi
1543 2127 1687 2166 autem

109 2197 258 2239 gerere
301 2200 432 2239 quam
474 2200 707 2240 personam
752 2186 954 2238 velimus,
1000 2200 1024 2226 a
1056 2188 1207 2227 nostra
1248 2185 1473 2227 voluntate
1517 2185 1687 2238 profici-

55 2255 89 2281 35
110 2244 254 2287 scitur.

314 2244 468 2300 Itaque
496 2259 539 2287 se
572 2245 646 2286 alii
679 2245 732 2286 ad
765 2244 1108 2301 philosophiam,
1144 2244 1217 2285 alii
1250 2245 1303 2286 ad
1336 2245 1402 2286 ius
1437 2244 1577 2298 civile,
1612 2243 1687 2285 alii

110 2303 164 2345 ad
196 2303 490 2359 eloquentiam
523 2305 763 2359 applicant,
805 2309 1082 2360 ipsarumque
1123 2305 1331 2346 virtutum
1370 2304 1415 2345 in
1456 2303 1542 2345 alia
1576 2303 1686 2345 alius

108 2407 202 2444 tant.
228 2409 232 2452 Ι
264 2412 294 2443 1.
327 2409 405 2444 vita
420 2431 463 2434 —
478 2420 592 2445 mores
613 2408 647 2446 S.
665 2413 786 2453 3221,
804 2415 859 2445 72.

110 2459 140 2507 ’.7.
177 2456 182 2499 1
217 2459 250 2490 8.
272 2460 305 2490 et
328 2457 478 2492 iucund.
512 2458 635 2492 haben
669 2457 858 2492 dieselben

107 2502 394 2548 mterpolierten
412 2504 581 2549 Hdschr„
617 2504 677 2539 die
706 2505 860 2540 36824

109 2550 208 2585 alius
217 2551 260 2585 in
274 2552 351 2586 ead.
369 2572 411 2576 —
426 2553 550 2587 debeat
564 2555 746 2595 zusetzen,
768 2553 859 2588 viel—

108 2596 228 2632 leicht
258 2597 407 2644 richtig.
456 2601 461 2644 l
508 2604 539 2635 9.
586 2601 671 2644 aliq.
713 2599 860 2645 ‘irgend

109 2655 219 2680 wann
256 2645 432 2690 einmal’,
457 2646 709 2693 gleichgfiltig
740 2659 860 2691 wann,

109 2703 216 2726 wcnn
230 2693 426 2728 auchnoch
443 2706 483 2730 so
499 2695 679 2739 spat‚d.h.
694 2694 859 2730 ‘endlich

110 2738 263 2774 einmal'
286 2740 339 2784 (II
353 2744 398 2775 24
407 2742 483 2786 m.),
497 2742 603 2776 oder:
641 2753 749 2777 wenn
763 2743 859 2777 auch

108 2787 206 2821 noch
231 2799 271 2823 so
298 2788 428 2832 selten,
455 2790 489 2824 d.
511 2790 546 2824 h.
578 2788 658 2825 ‘hin
678 2791 752 2824 und
773 2791 859 2825 wie-

108 2834 194 2877 der,
244 2836 438 2871 zuweilen’
493 2836 538 2880 (II
555 2841 595 2872 51
613 2849 646 2872 a.
660 2848 721 2880 m.,
760 2837 811 2872 III
827 2842 859 2879 2,

110 2885 153 2916 12
169 2885 384 2927 a.m.etc.);
423 2883 457 2918 S.
473 2888 530 2920 68.
548 2888 601 2919 16.
632 2886 636 2929 Ι
669 2888 724 2919 10.
764 2886 858 2919 trad.

109 2928 144 2964 S.
162 2933 216 2965 15.
232 2933 263 2965 5.
301 2931 306 2974 l
343 2934 397 2966 11.
437 2933 622 2976 contempl.
651 2932 822 2967 S.58.10.
854 2933 857 2977 l

935 2413 989 2444 21.
1036 2410 1171 2445 videbit
1210 2431 1253 2434 —
1293 2420 1367 2443 non
1406 2409 1478 2444 vid.
1520 2408 1554 2443 S.
1572 2412 1648 2442 22.
1680 2439 1683 2454 ,

935 2461 993 2492 23.
1037 2458 1168 2492 elabor.
1210 2458 1301 2492 S.2.
1327 2461 1380 2492 14.
1430 2458 1434 2501 Ι
1480 2456 1539 2490 sin
1567 2455 1599 2490 S.
1630 2459 1686 2490 34.

934 2508 965 2540 4.
1015 2507 1019 2549 Ι
1066 2509 1122 2540 24.
1174 2506 1291 2540 onmis
1335 2504 1369 2539 S.
1404 2508 1459 2539 20.
1490 2508 1552 2546 16,
1597 2503 1687 2537 aber

934 2553 1030 2587 auch
1059 2565 1104 2587 zu
1123 2553 1344 2587 ubersetz‹›n
1372 2552 1461 2586 ‘alle
1481 2550 1683 2595 mogliche'

935 2599 1004 2634 wie
1024 2600 1058 2635 S.
1087 2604 1216 2643 39.13‚
1246 2604 1381 2642 7212,
1417 2598 1468 2633 ΙΙΙ
1489 2602 1533 2633 28
1549 2609 1581 2633 a.
1597 2608 1651 2632 ex.
1682 2600 1684 2643 ἱ

935 2651 991 2682 27.
1026 2659 1094 2692 seq.
1123 2648 1157 2683 S.
1187 2651 1241 2682 78.
1272 2651 1324 2681 12.

981 2699 1036 2730 29.
1076 2706 1192 2739 supra
1219 2695 1253 2729 S.
1271 2698 1325 2729 66.
1344 2698 1397 2728 12.
1453 2695 1456 2737 Ι
1511 2696 1566 2728 30.
1603 2697 1686 2728 tem-

927 2754 1013 2787 pus,
1047 2742 1082 2776 Ζ.
1100 2746 1143 2777 33
1176 2743 1396 2786 temporibus
1435 2741 1469 2775 S.
1498 2744 1553 2775 22.
1584 2745 1639 2775 12.
1679 2742 1682 2786 Ι

935 2794 991 2824 31.
1025 2790 1163 2824 iudicio
1177 2793 1300 2824 nostro
1315 2789 1457 2824 S.35.6.
1487 2790 1492 2833 Ι
1521 2793 1576 2825 32.
1604 2799 1687 2832 opes

936 2837 1011 2872 Se.
1028 2843 1057 2871 1.
1081 2839 1085 2880 Ι
1116 2841 1170 2871 33.
1199 2841 1318 2872 autem
1345 2837 1378 2872 S.
1396 2841 1474 2872 22.
1499 2839 1504 2881 1
1533 2841 1589 2872 36.
1616 2837 1684 2880 ips.

937 2884 958 2918 S
979 2888 1048 2919 .12.
1066 2888 1096 2920 7.
1142 2883 1272 2919 Dieser
1293 2884 1379 2919 Satz
1399 2885 1501 2919 steht
1520 2885 1589 2918 mit
1614 2885 1685 2917 den

936 2933 1112 2976 strengen
1133 2932 1321 2967 stoischen
1349 2931 1607 2968 Grundsatzen
1632 2931 1684 2965 im

1702 1864 1759 1906 32

1692 1925 1759 1956 115
