1875 3214
167 66 251 109 126

811 66 875 102 DE
904 65 1109 102 OFFICIIS

163 176 373 218 monebat
405 191 473 218 me
507 191 594 231 reS‚
633 179 682 218 ut
707 175 790 218 hoe
824 190 993 232 quoque
1024 176 1122 218 loco
1155 176 1528 220 intermissionem
1560 177 1762 234 eloquen-

162 237 267 289 tiae,
312 250 365 278 ne
401 236 541 278 dicam
581 236 825 288 interitum,
869 235 1161 291 deplorarem,
1206 237 1251 278 ni
1285 250 1474 292 vererer,
1522 251 1576 280 ne
1609 236 1661 280 de
1691 253 1761 281 me

162 296 257 351 ipso
306 296 469 352 aliquid
509 295 679 338 viderer
717 296 850 352 queri.

163 356 334 398 stinetis
387 356 633 398 oratoribus
685 371 815 412 quam
868 357 913 398 in
963 356 1114 411 paucis
1167 371 1290 412 spes,

163 416 353 458 cioribus
386 416 593 468 facultas,
639 431 769 471 quam
815 416 861 458 in
907 416 1057 458 multis
1104 416 1162 458 sit
1208 416 1400 459 audacia.

915 295 997 338 Sed
1042 298 1190 338 tamen
1236 295 1451 351 videmus,
1496 296 1654 353 quibus
1692 312 1762 341 ex-

1342 358 1508 411 quanto
1558 357 1605 400 in
1654 371 1761 413 pau-

163 490 314 518 omnes
348 490 436 518 non
470 476 655 532 possint,
687 491 739 518 ne
773 476 899 518 multi
933 475 1123 532 quidem,
1156 480 1232 518 aut
1265 476 1373 519 iuris
1406 477 1536 532 periti
1563 491 1658 520 esse
1686 480 1764 521 aut

162 535 332 590 diserti,
375 536 474 578 licet
512 539 659 578 tamen
694 551 826 591 opera
860 536 1065 591 prodesse
1098 536 1250 579 multis
1283 536 1495 580 beneficia
1527 539 1762 593 petentem,

162 595 543 639 commendantem
596 596 827 647 iudicibus,

884 596 1237 651 magistratibus,
1288 596 1547 652 vigilantem
1592 612 1672 653 pro
1715 612 1761 640 re

163 656 357 710 alterius,
391 671 465 698 eos
500 657 640 711 ipsos,
674 657 746 711 qui
781 658 857 698 aut
890 656 1179 698 consuluntur
1212 659 1287 698 aut
1320 655 1572 712 defendunt,
1603 671 1761 714 rogan-

161 720 272 761 tem:
318 717 432 772 quod
467 717 539 772 qui
574 717 761 770 faciunt,
795 716 1030 771 plurimum
1064 716 1231 771 gratiae
1265 719 1611 772 consequuntur,
1643 717 1761 760 latis·
1782 730 1816 756 10
1872 725 1875 749 2

101 786 146 819 68
163 776 357 831 simeque
398 791 546 818 eorum
586 780 735 818 manat
778 776 1004 818 industria.

1069 775 1160 818 Iam
1201 775 1311 818 illud
1348 790 1438 819 non
1477 780 1581 819 sunt
1613 776 1760 820 admo-

161 835 293 877 nendi
328 836 417 884 (est
451 837 566 878 enini
601 837 643 878 iu
679 836 921 891 promptu),
967 839 1014 877 ut
1055 836 1428 891 animadvertant,
1473 851 1571 879 cum
1610 837 1761 880 iuvare

161 896 271 938 alios
306 896 456 949 velint,
496 911 548 937 ne
593 911 700 952 quos
734 896 967 938 offendant.

1033 894 1171 951 Saepe
1204 896 1319 938 enim
1352 899 1430 939 aut
1461 911 1535 940 eos
1568 897 1762 953 laedunt,

161 971 269 1011 quos
304 971 391 997 non
427 956 597 1010 debent,
637 960 711 998 aut
747 971 833 1010 ρος,
874 971 984 1012 quos
1017 970 1105 998 non
1140 955 1333 1011 expedit3
1380 956 1415 999 si
1461 956 1762 1012 inprudentes,

161 1016 466 1072 neglegentiae
501 1020 584 1070 est,
619 1016 654 1057 si
689 1017 892 1069 seientes,
931 1016 1205 1058 temeritatis.

161 1077 442 1118 excusatione
485 1076 691 1118 adversus
733 1091 826 1130 eos,
871 1092 978 1132 quos
1025 1076 1189 1118 invitus
1229 1076 1443 1130 offendas,
1489 1091 1762 1134 quacumque

161 1137 317 1191 possis,
351 1151 483 1191 quare
518 1136 579 1190 id,
613 1136 728 1192 quod
763 1136 935 1190 feceris,
977 1151 1152 1179 necesse
1185 1136 1317 1178 fuerit
1348 1151 1428 1180 nec
1461 1137 1589 1179 aliter
1620 1136 1762 1180 faeere

159 1197 370 1251 potueris,
406 1197 646 1252 ceterisque
676 1197 820 1252 operis
848 1201 889 1238 et
912 1197 1068 1239 officiis
1090 1197 1173 1238 erit
1193 1196 1250 1251 id,
1282 1197 1396 1252 quod
1418 1197 1630 1240 violatum
1650 1197 1763 1239 vide-

160 1256 292 1311 bitur,
325 1256 712 1312 compensandum.

159 1375 287 1417 fuisset
321 1375 495 1417 sortasse,
531 1376 605 1409 nisi
645 1376 815 1420 coepisset
849 1376 926 1409 suis

159 1423 340 1457 militibus
355 1424 544 1467 considere.
568 1423 694 1467 Vergl.
710 1424 746 1457 S.
766 1427 843 1458 159.
860 1427 892 1457 5.

163 1476 192 1505 1.
244 1471 309 1506 hoc
334 1482 474 1516 quoque
505 1472 590 1506 loco.
657 1470 705 1505 Er
732 1471 818 1505 thut
845 1471 925 1506 dies

159 1518 307 1563 hilufig,
353 1519 585 1554 namentlich
632 1518 681 1553 im
728 1519 876 1554 Brutus.
919 1519 923 1563 Ι

161 1572 238 1611 3sq.
275 1567 585 1612 quibus—quam
602 1568 639 1602 in
652 1569 797 1612 paucis.
827 1567 926 1602 Zwei

161 1615 522 1660 Interrogativpron.
546 1614 606 1651 od.
630 1615 793 1650 Adverb.
816 1627 925 1660 asyn-

163 1662 311 1698 detisch
334 1663 370 1698 in
390 1664 511 1698 einem
535 1664 645 1698 Satze
666 1663 771 1698 nicht
792 1663 923 1707 sesten,

164 1722 272 1746 wenn
315 1711 423 1746 beide
465 1711 543 1746 sich
584 1711 823 1757 gegenseitig
862 1711 925 1746 be-

159 1758 315 1804 dingen,
349 1759 419 1794 wie
453 1759 534 1795 hier
569 1759 629 1794 die
660 1760 836 1804 paucitas
862 1759 927 1794 der

159 1806 269 1842 einen
301 1806 361 1842 die
394 1807 510 1853 Folge
547 1807 612 1842 der
649 1808 826 1842 extinctio
861 1807 927 1841 der

161 1855 326 1890 anderen
342 1854 400 1890 ist.
438 1855 541 1889 Verr.
560 1856 609 1890 Ill
624 1858 688 1889 181
707 1866 778 1900 quo
791 1867 835 1891 ea:
850 1856 927 1890 loco

164 1904 205 1937 in
224 1914 327 1948 quem
350 1904 466 1938 Iocum
486 1914 531 1938 ne
545 1906 770 1948 portarent?
799 1903 925 1938 Philo-

163 1952 268 1985 melio
290 1950 524 1997 Ephesum&
547 1955 642 1996 part.
659 1963 708 1987 or.
729 1955 772 1986 78
793 1951 927 1996 quibus

161 1999 294 2044 positis
334 2000 426 2044 quid
457 2003 648 2045 sequatur,
685 2000 725 2042 Q.
750 2000 857 2036 Rosc.
880 2003 923 2034 21

166 2047 378 2089 considera,
405 2049 488 2093 quis
515 2059 618 2092 quem
643 2048 844 2090 fraudasse
869 2049 924 2083 cli-

163 2098 279 2130 catur.
326 2094 486 2130 Roscius
505 2095 724 2130 Fannium!
745 2094 926 2141 Dagegen

163 2143 270 2178 Verr.
288 2142 320 2177 V
340 2147 406 2178 174
439 2144 651 2187 considera,
681 2155 786 2189 quem
811 2145 925 2179 homi-

165 2202 245 2226 nem
278 2193 316 2226 et
349 2202 423 2236 qua
458 2193 601 2227 ratione
632 2192 809 2235 defendas
844 2191 924 2227 sind

166 2239 257 2274 zwei
271 2239 612 2286 getrennteDinge.
641 2239 759 2275 Einen
771 2239 926 2275 solchen

164 2287 369 2322 Menschen
401 2288 636 2333 iiberhaupt,
672 2287 927 2333 gleichgi’iltig

166 2335 234 2370 auf
250 2335 392 2371 welche
413 2336 501 2379 Art,
523 2347 567 2370 zu
593 2335 828 2380 verteidigen
849 2336 926 2371 und

167 2382 927 2428 ausserdemdieseArtderVerteidigung

168 2430 316 2466 sehickt
351 2431 432 2466 sich
458 2430 575 2467 nicht.
647 2430 751 2466 Oben
779 2431 814 2466 S.
832 2435 888 2467 75.
904 2436 924 2466 2

165 2480 384 2525 quibuscum
409 2480 576 2515 'vivamus
605 2478 691 2514 ‘mit
716 2490 812 2514 wem
845 2479 924 2523 wir,

166 2527 421 2573 gleichgi'iltig
447 2539 523 2571 wo,
555 2527 795 2571 verkehren’,
822 2528 927 2572 apud

166 2586 325 2621 quosque
375 2576 444 2610 viv.
493 2575 586 2611 ‘und
631 2574 844 2611 ausserdem
887 2575 926 2610 in

165 2623 329 2659 welcher
342 2623 570 2670 Umgebung
584 2623 653 2658 wir
672 2623 812 2666 leben',
829 2622 925 2659 ohne

165 2671 362 2707 vielleieht
381 2672 452 2707 mit
471 2671 676 2708 denselben
691 2671 862 2707 Verkehr
881 2683 926 2706 zu

165 2718 302 2755 haben.
340 2722 344 2764 Ι
381 2724 412 2756 6.
434 2730 555 2755 omnes
573 2731 649 2755 non
662 2719 926 2765 poss.f1'irnon

166 2778 288 2803 omnes
304 2778 399 2812 poss.
449 2767 565 2803 ‘Alle'
587 2768 638 2803 ist
657 2780 703 2803 zu
723 2768 898 2803 betonen.
918 2768 922 2812 Ι

167 2819 233 2851 aut
259 2836 303 2841 ——
330 2819 397 2851 aut
425 2815 459 2850 S.
484 2819 514 2851 7.
537 2819 570 2851 9.
612 2815 760 2851 Ebenso
787 2815 824 2850 Z.
847 2819 867 2850 9
888 2827 924 2850 u.

168 2867 222 2898 13.
260 2865 264 2907 Ι
302 2867 333 2899 7.
362 2863 475 2907 benef.
504 2863 696 2908 ‘Stellen'‚
723 2863 811 2899 teile
837 2874 925 2899 vom

165 2910 289 2947 Volke
321 2910 557 2956 verliehene,
587 2911 648 2948 die
680 2910 835 2957 speziell
867 2922 923 2946 so-

1001 1386 1084 1420 gen.
1125 1375 1300 1418 beneficia
1336 1375 1472 1420 populi
1512 1374 1638 1419 Rom,
1676 1374 1765 1412 teile

1002 1434 1074 1458 von
1108 1423 1320 1467 einzelnen,
1354 1422 1424 1459 wie
1462 1422 1649 1469 Legaten-
1688 1423 1764 1458 und

1002 1470 1345 1507 Tribunenstellen.
1413 1469 1488 1507 Cic.
1546 1471 1765 1508 verwendet

1002 1519 1079 1554 sich
1113 1519 1149 1554 in
1184 1519 1312 1555 seinen
1340 1517 1490 1554 Briefen
1518 1518 1574 1556 oft
1605 1518 1666 1555 fiir
1697 1530 1763 1555 an-

1002 1567 1098 1602 dere.
1131 1568 1135 1611 Ι
1161 1570 1295 1612 petent.
1317 1568 1387 1604 etc.
1411 1567 1513 1603 S.58.
1525 1570 1579 1602 10.
1609 1569 1616 1613 Ι
1644 1570 1678 1603 8.
1704 1568 1762 1603 iu-

1001 1616 1086 1657 dic„
1105 1627 1199 1662 may.
1218 1615 1362 1652 S.32.1.
1387 1617 1392 1660 Ι
1418 1619 1472 1652 13.
1493 1615 1690 1660 offend.ist
1702 1615 1763 1652 die

1001 1663 1118 1708 Folge
1139 1663 1205 1698 des
1226 1664 1384 1707 laeam-23
1412 1663 1447 1699 S.
1461 1667 1519 1700 54.
1531 1667 1589 1700 23.
1637 1664 1643 1708 Ι
1690 1664 1765 1700 lae:

1001 1712 1084 1747 clere
1110 1711 1322 1757 entspricht
1346 1711 1513 1757 weniger
1533 1710 1620 1748 dem
1646 1711 1763 1748 Deut—

1002 1759 1115 1794 schen
1144 1759 1379 1802 ‘verletzen’;
1417 1759 1473 1795 als
1502 1759 1565 1806 ‘ge
1593 1770 1640 1796 en
1669 1759 1762 1806 jem.

1001 1807 1222 1850 austreten’,
1236 1806 1469 1843 namentlich
1484 1807 1541 1843 oft
1595 1819 1611 1843 s
1625 1807 1763 1853 Zeuge,

1004 1855 1140 1890 ‘etwas
1162 1867 1205 1890 zu
1227 1854 1343 1890 Leide
1364 1855 1477 1899 thun,
1504 1854 1729 1902 angreifen'.
1755 1855 1759 1902 Ι

1005 1907 1058 1938 14.
1087 1902 1138 1938 Zu
1165 1904 1198 1938 si
1224 1903 1275 1938 ist
1294 1902 1351 1939 oft
1370 1903 1438 1939 das
1459 1903 1572 1939 Verb.
1594 1903 1659 1940 des
1678 1914 1762 1940 vor-

1002 1953 1104 1996 herg.
1122 1951 1250 1986 Satzes
1264 1951 1356 1987 oder
1372 1951 1440 1986 der
1454 1961 1572 1997 ganze
1584 1951 1762 1996 vorherg.

1002 1999 1091 2034 Satz
1104 2011 1149 2034 zu
1161 2003 1358 2045 erg'anzen,
1368 1999 1468 2035 auch
1482 2000 1554 2035 mit
1567 1999 1763 2035 unmittel-

1003 2047 1070 2082 bar
1092 2047 1311 2093 folgendem
1337 2050 1390 2091 ut,
1411 2047 1557 2084 sowohl
1583 2047 1640 2084 als
1660 2045 1763 2083 Kon-

997 2095 1123 2140 jnnkt.
1139 2095 1196 2130 als
1211 2095 1318 2131 relat.
1334 2076 1500 2132 Adverb.
1515 2095 1583 2142 (de
1598 2106 1650 2132 or.
1665 2094 1758 2131 1151

1001 2144 1054 2187 si,
1093 2147 1134 2179 ut
1174 2143 1310 2179 Graeci
1347 2144 1617 2189 scripserunt),
1651 2143 1759 2189 quod,

1000 2192 1107 2237 quia,
1134 2195 1343 2237 antequam.
1394 2191 1522 2237 Verg.l
1553 2190 1588 2228 S.
1604 2195 1684 2228 128.
1697 2194 1730 2227 5.
1754 2191 1759 2238 Ι

1003 2243 1058 2275 15.
1085 2238 1241 2275 etiamS.
1257 2243 1336 2275 123.
1350 2242 1407 2274 24.
1437 2240 1443 2285 Ι
1474 2243 1529 2275 16.
1556 2239 1639 2276 adv.
1653 2239 1690 2275 S.
1703 2242 1760 2275 62.

1002 2291 1033 2323 9.
1063 2291 1067 2330 1
1101 2290 1154 2322 18.
1184 2289 1305 2333 operis
1331 2287 1366 2323 S.
1382 2290 1440 2323 98.
1456 2291 1488 2323 8.
1520 2290 1524 2331 Ι
1552 2287 1652 2333 quod
1675 2287 1760 2323 viol.

1001 2335 1117 2370 Nieht
1137 2346 1214 2370 was
1234 2334 1473 2380 beschadigt
1489 2335 1551 2379 ist,
1564 2334 1668 2370 kann
1680 2334 1761 2371 auf-

1001 2394 1183 2429 gewogen
1215 2382 1384 2426 werden,
1420 2382 1583 2419 sondern
1612 2381 1674 2419 die
1700 2394 1762 2418 zu-

1001 2431 1157 2476 gefi'igte
1185 2430 1440 2477 Schedigung.
1486 2430 1564 2467 Das
1583 2430 1760 2467 Pronom.

1000 2480 1050 2515 ist
1064 2479 1137 2523 (im
1151 2478 1290 2522 Aktiv)
1304 2478 1412 2515 nicht
1426 2477 1579 2525 Objekt,
1599 2478 1762 2516 sondem

1000 2527 1270 2563 Inhaltsaccus.
1291 2527 1364 2563 wie
1387 2527 1428 2563 in
1447 2527 1594 2573 aliquid
1612 2527 1759 2563 admon.

1001 2575 1037 2610 Z.
1062 2579 1117 2619 11,
1138 2575 1304 2612 eontend.
1333 2575 1368 2612 S.
1393 2578 1472 2610 129.
1495 2579 1533 2619 1,
1558 2575 1656 2611 nihil
1673 2585 1759 2620 pec-

1000 2634 1084 2659 care
1099 2627 1179 2659 156.
1196 2627 1217 2659 8
1233 2625 1302 2660 etc.
1319 2625 1392 2659 eto.
1419 2623 1523 2659 Ganz
1535 2623 1675 2659 ebenso
1688 2622 1760 2658 wie

1000 2671 1082 2706 hier
1113 2671 1407 2708 Att.117.7ex.
1439 2671 1526 2714 illa,
1556 2681 1650 2716 quae
1684 2670 1760 2706 vio-

1000 2719 1090 2762 lata,
1104 2720 1374 2764 expiabuntun
1389 2717 1491 2755 Lael.
1504 2722 1549 2754 65
1558 2729 1613 2754 ex.
1621 2728 1760 2764 semper

1000 2767 1147 2812 aliquid
1167 2768 1213 2803 ab
1234 2768 1352 2803 amieo
1372 2777 1445 2803 esse
1465 2767 1662 2810 violatwm,
1683 2765 1758 2803 inv.

999 2814 1099 2850 1103
1115 2826 1170 2850 ex.
1198 2815 1332 2861 quibus
1357 2825 1403 2850 ex
1427 2814 1598 2850 omnibus
1621 2814 1760 2850 acriter

999 2864 1162 2898 eoeeitata
1180 2863 1395 2908 indignatio
1406 2873 1588 2898 summum
1603 2862 1646 2898 in
1665 2872 1758 2906 eum,

998 2911 1064 2956 qui
1088 2911 1241 2947 violarit
1271 2911 1402 2947 horum
1436 2910 1600 2956 aliqndd,
1631 2909 1759 2946 odium

1269 1015 1492 1059 Utendum
1526 1017 1661 1060 etiam
1693 1021 1762 1060 est
1781 1029 1816 1055 15

1464 415 1575 460 Cum
1613 419 1759 460 autem
1780 430 1798 457 ⁵
1871 417 1875 452 ἔ

1867 1114 1875 1260 i

1869 1272 1875 1348 τ-
