1891 3246
175 124 231 166 26
814 123 878 159 DE
906 123 1111 160 OFFICIIS

115 246 159 277 34
175 235 307 277 ceteri
334 234 423 276 sint
449 234 502 276 ad
535 234 739 276 iniuriam
765 233 993 276 tardiores.

172 294 471 337 conservanda
524 297 625 336 sunt
676 294 772 336 iura
816 293 933 336 belli.

1056 233 1202 289 Atque
1228 233 1274 275 in
1299 248 1345 275 re
1372 233 1550 288 publica
1575 234 1765 276 maxime

1015 293 1131 336 Nam
1178 308 1275 336 cum
1327 293 1417 335 sint
1468 293 1552 336 duo
1603 303 1766 350 genera.

171 353 434 409 decertandi,
467 369 599 396 unum
626 368 703 408 per
728 353 1105 408 disceptationem,
1136 354 1322 395 alterum
1349 367 1427 408 per
1454 353 1554 408 vim,
1580 367 1765 411 cumque

171 413 283 455 illud
322 414 548 469 proprium
590 415 649 455 sit
687 413 899 466 hominis,
931 413 1014 455 hoc
1048 412 1291 467 beluarum,
1323 411 1667 467 confugiendum
1700 416 1768 455 est

110 473 222 516 35ad
266 475 501 528 posterius,
544 473 581 515 si
626 473 691 515 uti
733 487 821 514 non
859 472 962 514 licet
1000 472 1235 527 superiore.

1308 469 1451 522 Quare
1491 472 1768 528 suscipienda
1787 486 1803 512 5

171 533 344 588 quidem
385 533 501 575 bella
540 535 644 575 sunt
682 533 737 574 ob
779 547 874 574 eam
915 546 1108 586 causam,
1150 534 1198 573 ut
1237 532 1332 574 sine
1371 532 1535 574 iniuria.
1572 532 1619 574 in
1658 547 1765 588 pace

171 594 358 648 vivatur,
393 596 521 648 parta
547 596 692 635 autem
728 592 910 634 victoria
944 591 1232 634 conservandi
1265 592 1308 647 ii,
1341 592 1413 647 qui
1445 606 1535 634 non
1567 592 1764 635 crudeles

170 654 215 695 in
249 654 384 707 bello,
422 668 512 695 non
545 654 742 695 inmanes
775 652 969 706 fuerunt,
1003 655 1051 694 ut
1082 652 1269 694 maiores
1308 652 1450 694 nostri
1482 651 1767 707 Tusculanos,

170 714 361 768 Aequos,
384 712 583 768 Volscos,
606 712 807 766 Sabinos,
823 711 1034 755 Hernicos
1050 712 1094 753 in
1109 712 1331 754 civitatem
1346 711 1479 753 etiam
1494 714 1766 768 acceperunt,

174 777 218 816 at
259 773 577 830 Karthaginem
620 776 662 815 et
699 771 986 814 Numantiam
1025 772 1221 814 funditus
1268 771 1557 826 sustulerunt3
1601 772 1766 814 nollem
1788 788 1825 813 ιο

175 832 456 888 Corinthum,
509 833 583 875 sed
636 833 764 875 credo
818 832 982 887 aliquid
1036 835 1228 887 secutos,
1283 831 1632 887 oportunitatem
1683 832 1769 874 loci

174 908 389 947 maxume,
422 908 475 935 ne
510 895 658 948 posset
691 892 926 948 aliquando
961 891 1015 934 ad
1050 892 1212 934 bellum
1245 891 1494 934 faciendum
1528 891 1649 934 locus
1676 892 1770 948 ipse

174 953 410 996 adhortari.

172 1013 451 1067 insidiarum,
495 1028 666 1068 semper
711 1015 777 1054 est
819 1012 1143 1054 consulendum.

475 952 573 994 Mea
601 952 772 1008 quidem
801 953 1020 994 sententia
1052 953 1162 1007 paci,
1195 966 1304 1008 quae
1337 951 1447 994 nihil
1479 951 1686 994 habitura
1712 952 1772 994 sit

1214 1011 1266 1054 In
1305 1026 1390 1067 quo
1431 1011 1467 1054 si
1505 1011 1614 1054 mihi
1653 1013 1769 1053 esset

172 1077 541 1129 optemperatum,
584 1073 619 1114 si
666 1087 755 1114 non
797 1075 1043 1127 optumam,
1087 1075 1131 1114 at
1172 1072 1364 1128 aliquam
1403 1086 1495 1113 rem
1534 1071 1768 1126 publicam,
1790 1086 1823 1112 15

173 1148 283 1188 quae
311 1148 427 1176 nunc
454 1133 575 1175 nulla
601 1139 680 1187 est,
706 1133 981 1174 haberemus.
1032 1131 1092 1174 Et
1118 1146 1214 1175 cum
1243 1132 1311 1186 iis,
1343 1146 1452 1187 quos
1479 1131 1520 1174 vi
1547 1130 1769 1182 deviceris,

174 1194 492 1236 consulendum
540 1196 624 1246 est,
672 1197 766 1234 tum
808 1192 858 1247 ii,
898 1192 971 1247 qui
1011 1192 1144 1234 armis
1178 1192 1333 1248 positis
1367 1191 1420 1234 acl
1453 1191 1770 1246 imperatorum

170 1253 298 1296 fidem
334 1254 602 1309 confugient,
635 1253 834 1308 quamvis
869 1267 1042 1294 murum
1070 1253 1183 1294 aries
1211 1251 1487 1307 percusserit,
1520 1250 1769 1306 recipiendi.

169 1434 214 1466 82
238 1431 300 1474 in.,
331 1432 447 1466 11117.
471 1436 533 1474 683
572 1435 636 1466 102
659 1443 694 1475 p.
716 1442 763 1464 m.
789 1431 793 1474 Ι
820 1434 849 1464 1.
890 1431 931 1465 in

166 1491 205 1514 re
225 1491 264 1524 p.
301 1479 335 1514 S.
371 1484 426 1515 25.
449 1484 481 1514 4.
519 1483 522 1523 1
560 1484 592 1514 3.
620 1480 770 1524 cliscept.
799 1479 850 1513 ist
869 1478 931 1513 bei

168 1526 428 1562 Streitsachcn
440 1527 613 1562 dasselbe
628 1526 696 1562 wie
709 1527 770 1562 bei
780 1526 931 1561 wissen-

167 1575 422 1611 schaftlichcn
467 1576 615 1621 Fragen
660 1576 819 1620 disput,
871 1574 930 1609 die

167 1622 330 1668 (rubige)
359 1623 592 1668 Erorterung
614 1623 679 1658 der
700 1623 852 1659 Griinde
872 1623 931 1657 fiir

167 1671 242 1706 und
270 1671 402 1708 wider:
431 1676 476 1707 5O
504 1684 570 1715 m.,
609 1675 653 1706 64
675 1683 736 1712 m.,
764 1675 821 1707 37.
852 1674 930 1713 132,

167 1719 216 1753 IIl
248 1724 300 1755 13.
330 1724 386 1755 53.
422 1721 427 1765 l
465 1724 494 1754 7.
539 1730 697 1755 consere.
734 1719 930 1763 ‘sebonen,

166 1767 440 1812 begnadigen'‚
500 1768 569 1802 wie
610 1767 666 1802 oft
704 1766 766 1802 bei
805 1767 929 1809 Cesar,

166 1817 281 1851 unteu
300 1819 357 1859 82,
382 1820 448 1850 110
464 1827 498 1860 p.
514 1815 563 1850 in.
588 1817 593 1860 1
619 1819 674 1850 11.
690 1815 802 1862 Sequi
816 1813 931 1861 neisst

167 1863 223 1898 als
246 1863 450 1910 Zielpunkt
468 1865 521 1898 im
542 1865 650 1908 Auge
670 1862 796 1898 haben
821 1861 928 1897 nicht

166 1923 237 1946 nur
272 1922 346 1945 von
380 1909 564 1946 Zwecken
605 1911 680 1946 und
720 1910 931 1945 Absichten

169 1959 220 2002 (S.
242 1962 274 1993 3.
304 1963 336 2003 G,
387 1962 406 2001 ξ
430 1963 498 1994 114
520 1970 588 2003 ex,
616 1972 644 1993 z.
674 1963 740 1994 132
763 1971 809 1993 m.
832 1959 929 2001 etc),

168 2006 330 2042 sondern
369 2007 466 2042 auch
499 2018 572 2042 von
604 2006 821 2052 Prinzipien
852 2005 930 2040 und

167 2055 346 2096 Normen,
367 2066 441 2090 von
462 2055 583 2090 denen
597 2066 685 2089 man
701 2054 795 2090 ‘sich
811 2053 930 2088 leiten

166 2102 287 2147 l'asst’,
315 2114 364 2137 an
391 2103 452 2138 die
485 2114 573 2138 man
603 2103 700 2138 ‘sich
726 2102 842 2144 halt’3
873 2105 930 2144 65,

166 2154 212 2186 97
240 2151 303 2193 in.,
332 2154 399 2186 100
426 2163 535 2194 usw.,
575 2151 646 2186 mit
677 2150 766 2195 folg.
796 2149 930 2186 Aecus.

169 2209 197 2233 c.
256 2198 320 2233 inf.
376 2199 417 2241 Q.
446 2198 520 2234 Cic.
549 2201 624 2244 pet.
653 2209 753 2234 cons.
780 2202 825 2233 49
866 2198 931 2233 hoc

166 2257 309 2291 sequor,
348 2247 437 2281 haec
472 2248 598 2282 omnia
635 2247 684 2282 ad
710 2246 931 2291 popularem

165 2295 306 2337 famam
338 2295 525 2339 pertinere
563 2294 628 2339 (111
665 2298 718 2329 12.
747 2295 819 2339 49).
844 2295 849 2337 1
876 2297 929 2328 13.

167 2342 316 2377 Habere
342 2342 552 2387 entspricht
566 2342 694 2387 h'aufig
709 2342 794 2377 dem
810 2340 926 2376 Deut-

168 2390 284 2425 schen
302 2388 598 2435 ‘herbeiffihren‚
618 2390 828 2433 darbieten,
848 2400 930 2425 ver-

167 2437 320 2473 bunden
348 2437 428 2472 sein
454 2436 525 2472 mit
552 2458 608 2481 --,
636 2437 842 2481 erfordern,
870 2449 930 2472 zu-

167 2485 306 2530 lassen,
334 2484 583 2530 unterliegen,
603 2486 818 2531 ausgesetzt
831 2484 926 2520 sein’

168 2535 254 2576 etc.;
272 2533 306 2568 S.
318 2537 372 2569 31.
386 2537 418 2577 8,
429 2536 448 2576 ς
460 2537 502 2568 73
515 2543 546 2568 a.
557 2544 624 2575 ex.‚
637 2537 703 2568 100
712 2533 774 2577 in„
787 2537 853 2568 126
864 2544 931 2577 ex„

172 2584 241 2616 129
251 2593 312 2624 m.,
343 2585 489 2626 135ex.‚
503 2593 532 2616 z.
545 2580 636 2616 1144
656 2581 762 2616 habet
781 2591 933 2616 eausam

170 2630 241 2664 etc.
266 2630 270 2673 Ι
297 2632 350 2664 16.
379 2640 481 2664 nunc
506 2628 614 2664 nicht
639 2628 808 2671 zeitlich,
850 2639 932 2663 son-

170 2676 262 2712 dern
276 2676 328 2711 im
345 2674 556 2722 Geg‘ensatz
576 2689 620 2711 zu
640 2675 743 2711 einer
762 2675 935 2711 falschen

170 2723 478 2770 Voraussetzung
499 2724 559 2760 die
582 2723 853 2760 Wirklichkeit
866 2723 930 2759 be-

168 2772 395 2815 zeichnend3
424 2772 532 2808 Tusc.
550 2772 624 2808 [50
645 2773 679 2808 si
697 2773 773 2808 iam
782 2774 932 2817 possent

169 2820 214 2855 in
238 2820 382 2855 homine
405 2821 488 2856 vivo
524 2821 625 2856 cerni
657 2820 800 2863 omnia,
839 2829 931 2864 quae

168 2878 274 2902 ‘nunc
300 2870 393 2903 tecta
419 2871 506 2903 sunt
531 2868 608 2903 und
635 2868 773 2913 h'aufig.
797 2869 802 2912 Ι
824 2867 932 2902 ‘nulla

169 2919 232 2950 est.
270 2915 345 2950 Res
366 2916 468 2960 publ.
497 2916 545 2951 ist
571 2928 620 2952 an
646 2916 726 2951 sich
751 2912 931 2950 nicht'di'e

169 2962 364 3008 Republik
383 2963 436 2998 im
451 2963 609 3010 Gegens.
631 2976 695 2999 zur
714 2962 932 3000 Monarchie

1005 1432 1097 1475 (rep.
1125 1430 1140 1464 I
1162 1433 1206 1464 42
1234 1440 1316 1465 cum
1339 1440 1449 1474 penes
1474 1440 1592 1464 unum
1617 1431 1669 1465 est
1694 1439 1767 1464 om-

1005 1479 1108 1513 nium
1146 1489 1288 1513 smnma
1326 1488 1468 1521 rerum,
1506 1487 1624 1524 reyem
1661 1477 1768 1512 illum

1005 1537 1121 1561 unum
1157 1536 1327 1562 vocamus
1359 1529 1392 1561 et
1423 1536 1578 1572 regnum
1609 1525 1688 1560 eius
1713 1525 1769 1560 rei

999 1585 1038 1619 p.
1067 1577 1220 1617 statum,
1259 1575 1376 1609 unten
1406 1573 1440 1608 II
1476 1576 1520 1608 73
1549 1574 1633 1618 ex).
1692 1571 1769 1608 Der

1005 1622 1197 1666 damalige
1219 1621 1385 1657 Zustand
1411 1621 1477 1657 des
1504 1620 1654 1656 Staates
1674 1619 1769 1656 wird

1006 1670 1096 1705 aber
1116 1670 1186 1704 mit
1213 1670 1319 1705 nulla
1339 1680 1396 1705 res
1415 1681 1455 1714 p.
1483 1668 1523 1704 in
1549 1667 1770 1704 demselben

1006 1717 1119 1752 Sinne
1152 1717 1392 1761 bezeichnet,
1429 1717 1499 1752 wie
1534 1715 1662 1762 Scipio
1688 1727 1767 1762 rep.

1005 1765 1056 1800 III
1084 1770 1128 1801 43
1162 1777 1216 1801 ex.
1256 1766 1343 1810 sagt
1379 1765 1446 1800 ubi
1483 1767 1670 1810 tyrannus
1705 1767 1769 1807 est,

1005 1814 1059 1849 ibi
1084 1825 1160 1849 non
1185 1813 1373 1856 vitiosam,
1408 1812 1471 1848 sed
1496 1812 1693 1848 dicendum
1718 1815 1770 1848 est

1000 1862 1118 1907 plane
1142 1862 1286 1896 ‘nullam
1312 1871 1384 1896 esse
1408 1872 1485 1896 rem
1506 1871 1557 1905 p„
1595 1861 1714 1895 unten
1732 1858 1768 1895 11

1005 1913 1026 1944 3
1048 1921 1117 1952 ex„
1139 1912 1183 1944 29
1205 1921 1253 1946 m.
1275 1908 1352 1944 und
1372 1910 1443 1944 wie
1466 1906 1539 1943 Cic.
1569 1907 1668 1943 &fter
1693 1918 1769 1944 von

1006 1957 1130 1993 seiner
1150 1957 1233 1992 Zeit
1259 1956 1380 2002 klagt,
1401 1967 1441 1992 ee
1456 1956 1554 2001 gabe
1568 1954 1681 1991 keine
1697 1953 1768 1991 Ge-

1005 2007 1116 2049 setze,
1138 2004 1249 2040 keine
1271 2004 1449 2048 Gerichte
1469 2003 1588 2048 mehr,
1614 2014 1643 2037 z.
1659 2003 1699 2038 B.
1715 2002 1769 2038 III

1006 2057 1026 2087 2
1048 2064 1116 2097 ex„
1145 2052 1236 2088 oder
1262 2052 1321 2087 die
1349 2050 1418 2088 auf
1433 2050 1494 2087 die
1514 2050 1686 2087 Konsuln
1712 2061 1769 2086 er-

1004 2100 1188 2136 bitterten
1215 2099 1422 2136 Senatoren
1453 2098 1516 2135 bei
1540 2098 1621 2135 Liv.
1648 2097 1684 2134 11
1710 2101 1768 2134 28.

1007 2154 1028 2184 3
1056 2161 1101 2184 zu
1127 2148 1257 2184 diesen
1291 2158 1424 2193 sagen:
1463 2148 1497 2183 si
1521 2150 1638 2183 essent
1662 2147 1706 2182 in
1729 2157 1770 2183 re

999 2208 1040 2242 p.
1068 2197 1321 2242 vzayistratus,
1347 2195 1418 2231 wie
1445 2194 1540 2231 Sest.
1568 2198 1614 2231 83
1633 2195 1668 2230 si
1680 2197 1769 2230 esset

1007 2246 1049 2279 in
1075 2255 1114 2280 re
1133 2255 1172 2289 p.
1194 2246 1362 2285 senatum
1391 2255 1421 2278 z.
1441 2242 1475 2278 ΙΙ
1496 2246 1541 2277 41
1564 2253 1620 2277 ex,
1636 2242 1766 2287 leyum.

1006 2285 1108 2328 Uber
1120 2292 1266 2327 nullum
1281 2302 1352 2326 esse
1365 2290 1399 2325 II
1414 2294 1456 2325 15
1470 2289 1520 2325 in.
1542 2293 1548 2334 Ι
1574 2293 1628 2325 18.
1638 2301 1767 2337 quam·

1005 2342 1061 2376 vis
1099 2340 1204 2385 ‘mag
1243 2338 1369 2375 auch'.
1420 2336 1512 2373 Dare
1547 2336 1610 2373 die
1648 2337 1767 2384 allge—

1005 2386 1128 2424 meine
1155 2387 1372 2431 Annahme,
1411 2387 1579 2432 quamvis
1603 2385 1768 2421 bedente

1004 2437 1044 2472 in
1059 2434 1167 2470 Cic.'s
1182 2434 1263 2470 Zeit
1277 2447 1347 2469 nur
1363 2434 1489 2469 ‘wenn
1502 2433 1600 2469 auch
1612 2433 1712 2469 noch
1724 2444 1767 2469 so

1006 2483 1121 2527 sehr’,
1133 2482 1327 2528 unrichtig
1336 2482 1398 2526 ist,
1420 2480 1521 2528 zeigt
1534 2481 1635 2517 diese
1648 2480 1768 2516 Stelle

1007 2544 1042 2567 u.
1063 2532 1115 2566 III
1135 2533 1179 2566 83
1190 2543 1225 2576 p.
1241 2542 1302 2571 m.,
1329 2530 1438 2566 Tusc.
1465 2529 1482 2564 I
1509 2533 1566 2574 70,
1593 2528 1640 2565 de
1661 2540 1713 2565 or.
1734 2527 1770 2563 II

1009 2584 1066 2624 33,
1087 2579 1141 2613 III
1163 2582 1249 2622 162,
1277 2578 1383 2614 Verr.
1410 2577 1444 2613 V
1473 2581 1540 2613 168
1561 2588 1634 2620 ex.,
1667 2575 1767 2612 Phil.

1008 2628 1041 2663 V
1069 2631 1126 2672 26,
1153 2626 1241 2662 fam.
1267 2626 1320 2661 IX
1346 2630 1378 2662 8.
1409 2629 1440 2670 1,
1475 2637 1534 2670 ep.
1560 2625 1665 2660 Brut.
1691 2624 1708 2659 I
1735 2627 1768 2659 5.

1008 2680 1029 2711 3
1051 2686 1119 2719 ex„
1146 2675 1252 2710 Varr.
1279 2686 1309 2709 r.
1329 2686 1358 2709 r.
1378 2673 1432 2709 III
1458 2677 1490 2709 9.
1517 2676 1539 2708 8
1560 2683 1615 2708 ex.
1641 2683 1769 2718 quam-

1003 2724 1060 2759 vis
1085 2723 1274 2768 pepererit
1303 2722 1419 2767 plura
1452 2733 1488 2758 u,
1522 2720 1631 2756 oster.
1683 2718 1769 2755 Und

1005 2781 1047 2806 so
1074 2770 1125 2805 ist
1149 2770 1317 2816 quamvis
1348 2767 1667 2805 wahrscheinlich
1697 2778 1769 2802 nur

1009 2819 1060 2864 gl.
1109 2818 1191 2853 lieet
1248 2817 1346 2852 auch
1387 2820 1406 2860 ξ
1444 2820 1489 2852 60
1509 2816 1579 2860 in.,
1639 2817 1683 2850 75
1704 2814 1768 2858 in.,

1005 2865 1126 2901 11178
1147 2877 1208 2908 m.,
1245 2868 1312 2900 117
1333 2876 1368 2910 p.
1391 2876 1438 2900 m.
1481 2865 1487 2910 Ι
1521 2863 1628 2899 aries.
1663 2860 1768 2898 Caes.

1006 2913 1048 2950 G.
1064 2913 1099 2948 11
1115 2917 1171 2949 32.
1196 2917 1213 2947 1
1237 2911 1374 2948 Caesar
1392 2911 1582 2957 respondit
1600 2920 1637 2946 se
1650 2909 1770 2955 magis

1007 2961 1270 2999 consuetudine
1331 2971 1401 2996 sua
1469 2969 1579 3005 quam
1640 2957 1769 2993 merito
