1891 3213
31 1070 65 1096 15
85 1058 278 1101 tenebris
310 1057 470 1100 mices'.

461 119 603 154 LIBER
630 119 692 154 ΠΙ.
744 118 844 155 CAP.
874 122 1023 154 18—20.
1075 122 1093 161 ξ
1121 122 1270 153 τῦ-τςι,
1577 115 1663 157 175

83 229 133 271 de
162 230 287 284 patre
319 231 468 270 nostro
501 242 608 282 puer
634 227 820 269 iudicem
839 227 897 268 M.
916 227 1092 268 Lutatio
1120 226 1323 267 Pinthiae
1349 226 1496 280 fuisse,
1529 226 1664 281 equiti

80 288 278 330 Romano
307 301 411 329 sane
437 287 636 342 honesto,
669 302 764 329 cum
790 287 827 327 is
861 286 1137 340 sponsionem
1170 285 1357 340 fecisset,
1389 298 1437 327 NI
1470 297 1549 327 VIR
1581 297 1661 328 BO-

80 358 168 390 NUS
200 358 354 389 ESSET.
415 346 568 402 Itaque
602 347 640 388 ei
682 346 838 387 dixisse
876 344 1117 387 Fimbriam
1163 359 1206 386 se
1248 345 1368 386 illam
1406 360 1496 386 rem
1541 360 1663 387 num·

81 421 213 462 quam
243 406 551 456 iudicaturum,
583 420 636 446 ne
669 408 741 447 aut
775 405 981 460 spoliaret
1013 403 1130 446 fama
1162 404 1394 459 probatum
1426 403 1663 458 hominem,

2 485 5 487 ¹
45 477 62 503 5
83 467 118 508 si
150 467 302 508 contra
338 465 638 519 iudicavisset,
684 467 758 506 aut
804 464 1008 505 statuisse
1053 463 1270 505 videretur
1314 464 1453 504 virum
1499 463 1661 505 bonum

83 539 175 567 esse
203 525 408 580 aliquem,
454 539 549 566 cum
589 538 638 565 ea
670 538 737 565 res
771 523 1163 565 innumerabilibus
1198 523 1352 564 officiis
1385 526 1427 564 et
1460 523 1661 564 laudibus

82 584 387 627 contineretur.
436 582 550 625 Huic
576 583 713 638 igitur
738 583 831 625 viro
858 583 986 637 bono,
1020 597 1147 637 quem
1174 581 1365 623 Fimbria
1400 582 1542 637 etiam,
1573 597 1661 634 non

81 643 210 686 modo
255 641 455 685 Socrates
500 645 700 695 noverat,
744 642 862 684 nullo
907 642 1034 684 modo
1073 641 1210 683 videri
1249 644 1393 696 potest
1434 642 1662 697 quicquam

83 717 176 746 esse
202 702 318 754 utile,
351 702 464 757 quod
495 717 585 744 non
616 701 849 744 honestum
883 702 951 744 sit.
1013 701 1164 756 Itaque
1191 701 1292 742 talis
1320 701 1385 742 vir
1411 716 1499 743 non
1532 701 1660 743 modo

0 764 3 766 ’
30 772 64 798 10
83 762 242 817 facere,
288 761 362 804 sed
393 776 448 803 ne
481 762 674 816 cogitare
702 761 873 816 quidem
919 761 1149 816 quicquam
1187 760 1381 815 audebit,
1428 761 1541 816 quod
1573 775 1662 802 non

73 821 241 871 'audeat
272 818 532 875 praedicare.
594 820 713 863 Haec
745 835 836 863 non
867 824 992 876 turpe
1036 823 1101 863 est
1134 820 1331 862 dubitare
1363 819 1662 875 philosophos,

86 895 195 937 quae
226 894 280 922 ne
313 880 462 922 rustici
495 879 665 935 quidem
693 879 922 922 dubitent?
958 895 980 921 a
1008 880 1161 935 quibus
1187 883 1339 921 natum
1367 882 1433 921 est
1459 879 1515 930 id,
1549 879 1662 934 quod

84 941 172 983 iam
216 939 449 982 contritum
490 942 556 981 est
593 942 827 994 vetustate,
871 940 1161 994 proverbium.
1225 937 1332 981 Cum
1377 940 1490 980 enim
1533 939 1661 981 fidem

86 999 268 1042 alicuius
301 999 627 1054 bonitatemque
660 999 851 1053 laudant,
883 999 1060 1054 dignum
1089 1013 1181 1041 esse
1209 998 1369 1053 dicunt,
1402 998 1589 1053 ‘quicum
1616 998 1661 1040 in

534 1058 628 1100 Hoc
663 1073 792 1114 quam
823 1058 954 1100 habet
987 1059 1074 1100 vim
1107 1058 1192 1100 nisi
1225 1058 1364 1111 illam,
1398 1058 1506 1099 nihil
1540 1072 1662 1113 expe-

87 1118 190 1173 dire,
223 1118 337 1173 quod
369 1132 456 1160 non
490 1118 658 1172 deceat,
691 1118 862 1160 etiamsi
894 1118 936 1158 id
969 1118 1110 1172 possis
1143 1117 1263 1159 nullo
1297 1117 1517 1159 refellente
1551 1118 1660 1172 opti-

85 1177 217 1220 nere?
279 1177 467 1219 Videsne
499 1177 580 1219 hoc
612 1177 842 1232 proverbio
874 1191 1014 1232 neque
1048 1176 1164 1232 Gygi
1209 1177 1274 1218 illi
1320 1192 1446 1231 posse
1491 1177 1662 1218 veniam
1679 1183 1723 1215 78

86 1237 179 1279 dari
209 1251 348 1292 neque
380 1236 492 1291 huic,
526 1251 653 1292 quem
686 1237 815 1291 paulo
851 1239 948 1278 ante
980 1237 1197 1292 fingebam
1231 1236 1465 1291 digitorum
1497 1251 1665 1291 percus-

88 1297 207 1338 sione
239 1296 501 1338 hereditates
535 1296 728 1338 omnium
761 1310 887 1351 posse
921 1296 1203 1338 converrere?
1266 1296 1326 1338 Ut
1373 1296 1506 1348 enim,
1553 1296 1665 1351 quod

0 1342 10 1356 ”
31 1366 67 1392 20
87 1358 213 1410 turpe
246 1358 332 1409 est,
363 1355 424 1410 id,
458 1356 655 1410 quamvis
689 1356 944 1410 occultetur,
977 1359 1125 1397 tamen
1157 1355 1386 1397 honestum
1419 1356 1513 1397 fieri
1544 1355 1664 1397 nullo

87 1415 216 1457 modo
249 1417 406 1470 potest,
441 1415 513 1469 sic,
548 1415 661 1470 quod
686 1415 918 1457 honestum
945 1430 1034 1457 non
1061 1418 1140 1469 est,
1172 1415 1214 1456 id
1241 1415 1347 1457 utile
1374 1419 1422 1456 ut
1451 1415 1518 1466 sit,
1552 1414 1664 1457 effici

89 1489 180 1517 non
211 1476 356 1529 potest
389 1473 647 1516 adversante
676 1477 718 1516 et
750 1478 1021 1529 repugnante
1054 1481 1220 1516 natura.
1680 1503 1705 1537 9

205 1533 266 1575 At
303 1533 438 1584 enim,
489 1548 585 1575 cum
623 1547 865 1589 permagna
902 1534 1096 1588 praemia
1136 1538 1254 1587 sunt,
1300 1541 1364 1575 est
1404 1548 1533 1575 causa
1571 1537 1723 1596 pec-{9

87 1592 224 1635 candi.
289 1590 334 1634 C.
366 1592 529 1634 Marius
564 1607 661 1634 cum
696 1608 719 1634 a
753 1608 827 1648 spe
862 1593 1112 1635 consulatus
1146 1593 1276 1647 longe
1310 1593 1482 1634 abesset
1507 1596 1549 1635 et
1576 1593 1662 1634 iam

34 1662 69 1688 25
89 1652 322 1707 septimum
356 1666 517 1694 annum
549 1655 648 1707 post
680 1655 928 1707 praeturam
961 1653 1120 1694 iaceret
1153 1666 1289 1706 neque
1322 1652 1538 1707 petiturus
1572 1668 1663 1694 um-

89 1726 220 1766 quam
253 1711 527 1753 consulatum
560 1712 792 1766 videretur,
839 1711 887 1762 Q.
914 1711 1155 1762 Metellum,
1203 1712 1322 1753 cuius
1355 1712 1524 1767 legatus
1559 1716 1664 1767 erat,

87 1782 302 1813 summum
322 1771 462 1812 virum
483 1774 525 1812 et
545 1771 695 1826 civem,
716 1785 812 1813 cum
827 1771 880 1813 ab
896 1785 958 1826 eo,
978 1772 1238 1826 imperatore
1254 1786 1343 1825 suo,
1364 1771 1548 1813 Romam
1563 1772 1663 1813 mis-

92 1878 123 1908 1.
151 1875 194 1909 de
222 1874 389 1910 S.178.6.
423 1879 428 1919 ξ
464 1879 495 1910 2.
528 1886 616 1911 sane
631 1875 799 1912 S.·29.11.
828 1877 831 1920 Ι

87 1931 206 1966 spons.
241 1942 283 1946 -—
311 1926 407 1957 esset.
445 1922 835 1958 DiebeidenRomern

89 1968 185 2004 auch
202 1968 254 2003 im
274 1968 512 2004 Privatleben
538 1970 624 2004 sehr
645 1969 835 2005 beliebten

908 1880 1035 1911 contra
1070 1876 1225 1921 aliquem
1260 1877 1335 1911 incl.
1364 1876 1433 1910 wie
1459 1876 1661 1920 Flacc.11;

907 1923 1024 1968 vergl.
1053 1927 1181 1958 eontra
1219 1924 1322 1959 lic-eri
1349 1923 1383 1959 S.
1403 1927 1479 1959 167.
1498 1927 1529 1958 8.
1566 1928 1569 1966 ξ
1608 1925 1663 1959 iu-

908 1969 1190 2005 clicav.S.70.27.
1216 1972 1219 2013 j
1250 1975 1281 2005 6.
1303 1970 1577 2006 laudib.S.15.8.
1602 1974 1606 2015 Ι
1631 1976 1661 2006 8.

88 2016 242 2051 Wetten
258 2016 411 2051 wurden
429 2016 468 2050 in
489 2016 555 2051 der
565 2016 586 2051 J
590 2017 684 2051 ustiz
704 2028 834 2062 wegen

89 2062 155 2098 der
171 2063 450 2099 Bestimmtheit
475 2063 514 2098 in
540 2064 604 2099 der
631 2063 834 2100 Formulie-

87 2122 183 2156 rung
203 2110 269 2145 der
282 2109 400 2157 Frage
420 2111 497 2146 und
517 2111 580 2146 der
597 2111 835 2156 Promptheit

89 2158 127 2192 in
141 2157 206 2192 der
217 2157 458 2202 Ausfiihrung
473 2159 536 2193 des
550 2158 836 2195 Erkenntnisses

88 2205 250 2240 vielfach
289 2217 353 2240 zur
383 2205 611 2251 Abktirzung
649 2206 713 2241 des
744 2207 835 2241 Ver-

87 2251 238 2288 fahrens
252 2254 507 2298 angewendet.
534 2253 656 2289 Dabei
664 2253 756 2289 wird
767 2254 836 2289 wie

88 2299 150 2335 bei
169 2301 311 2345 pignus
336 2301 424 2336 dare
451 2302 543 2336 statt
567 2303 600 2336 si
627 2301 682 2336 oft
707 2303 749 2337 m‘
774 2313 836 2347 ge-

91 2348 194 2391 setzt,
220 2348 312 2382 fiber
331 2347 463 2383 dessen
476 2348 690 2394 Erklarung
711 2349 835 2384 nichts

89 2393 162 2429 fest
182 2394 293 2429 steht.
320 2394 388 2429 Die
409 2395 580 2441 Fassung
607 2396 672 2431 der
691 2398 837 2441 sponsio

90 2440 139 2476 ist
153 2452 200 2476 an
220 2452 371 2477 unserer
386 2441 502 2477 Stelle
526 2444 579 2486 (si
592 2443 702 2488 oder)
722 2443 838 2489 m'eyo

92 2489 149 2523 vir
170 2489 284 2524 bonus
303 2499 400 2531 swm,
422 2509 464 2515 -
487 2490 576 2525 dare
594 2490 773 2534 spondes?
794 2511 836 2516 —

90 2534 267 2580 Spondeo.
301 2535 436 2572 Solchc
456 2536 689 2582 Sponsionen
705 2538 838 2572 hatten

91 2582 164 2618 den
189 2583 339 2627 Zweck‚
367 2583 433 2619 auf
457 2583 596 2618 diesem
626 2584 838 2620 indirekten

89 2629 207 2675 Wege
234 2630 350 2666 durch
376 2630 435 2665 die
464 2631 619 2676 gefallte
646 2632 837 2667 Entschei-

92 2676 193 2723 dung
207 2677 267 2713 ein
276 2676 436 2713 sicheres
446 2678 621 2723 Prajudiz
635 2678 694 2714 ffir
705 2679 837 2725 irgend

90 2723 171 2760 eine
186 2724 321 2760 andere
334 2724 555 2770 Streitfrage
570 2738 612 2760 zu
627 2727 835 2772 gewinnen,

90 2770 202 2806 deren
229 2772 375 2807 direktc
395 2771 631 2819 Verfolgung
656 2773 730 2809 viel
757 2786 834 2809 um-

91 2818 499 2864 st'andlichergewesen
514 2824 622 2856 ware.
647 2822 651 2864 1,
687 2825 766 2866 4sq.
792 2833 836 2857 ne

91 2869 157 2900 aut
172 2885 212 2890 —
231 2870 297 2901 aut
313 2865 345 2902 S.
362 2869 416 2902 83.
436 2871 465 2902 1.
503 2869 507 2911 Ι
543 2871 574 2902 5.
604 2872 729 2903 contra
756 2869 833 2903 iud.

94 2911 169 2948 ‘ein
182 2914 425 2959 ungi'instiges
440 2914 560 2950 Urteil
579 2914 723 2960 fa'llen’,
740 2914 835 2951 &fter

907 2021 1055 2052 'noverat
1071 2018 1259 2053 S.174.14.
1293 2019 1297 2062 j
1330 2022 1385 2052 1-2.
1412 2019 1663 2054 dubit.S.140.

909 2068 939 2099 2.
974 2066 978 2109 Ι
1015 2069 1068 2101 13.
1098 2066 1192 2100 enim
1227 2065 1260 2099 S.
1282 2070 1334 2100 13.
1352 2070 1383 2101 3.
1421 2077 1424 2109 ι
1461 2070 1513 2102 14.
1549 2067 1660 2102 bonit.

910 2112 943 2147 S.
961 2116 1067 2147 36.5.
1116 2115 1120 2157 l
1167 2113 1242 2148 Das
1273 2113 1515 2158 Sprfiehwort
1546 2114 1596 2149 ist
1621 2125 1662 2148 so

910 2160 1165 2204 gewohnlich,
1203 2160 1281 2195 dass
1327 2173 1413 2196 man
1455 2161 1551 2196 auch
1597 2162 1662 2196 das

910 2207 1020 2242 Verb.
1037 2207 1196 2243 fortliess
1211 2208 1281 2243 wie
1296 2208 1355 2243 fin.
1372 2209 1406 2242 ΙΙ
1422 2213 1478 2243 5-2.
1505 2209 1580 2243 Das
1595 2210 1660 2244 mi-

912 2266 993 2290 care
1007 2254 1055 2290 ist
1071 2255 1130 2290 ein
1148 2255 1552 2301 UnterhaltungsspieL
1569 2256 1659 2291 viel-

910 2302 996 2336 fach
1005 2302 1094 2337 aber
1104 2302 1293 2338 wieLosen
1301 2304 1522 2346 uwfirfeln,
1533 2304 1662 2339 womit

912 2361 949 2384 es
978 2349 1050 2385 div.
1070 2349 1175 2393 1185,
1193 2349 1226 2384 S.
1240 2354 1347 2386 1822
1384 2362 1660 2396 zusammenge-

913 2397 1017 2432 stellt
1043 2397 1147 2441 wird,
1176 2410 1240 2432 zur
1263 2397 1545 2443 Entscheidung
1570 2399 1661 2433 iiber

914 2446 1036 2479 ernste
1045 2444 1167 2489 Dinge
1177 2446 1433 2490 angewendet.
1446 2445 1514 2480 Die
1525 2445 1659 2481 beiden

914 2491 1058 2536 Spieler
1073 2492 1215 2527 hielten
1237 2492 1476 2538 gleichzeitig
1497 2493 1578 2528 eine
1598 2493 1661 2527 be—

912 2537 1051 2584 liebige
1072 2540 1215 2574 Anzahl
1241 2540 1378 2586 Finger
1404 2540 1442 2574 in
1469 2540 1528 2575 die
1552 2540 1659 2574 Hohe

911 2588 1119 2621 u.nannten
1129 2587 1320 2622 eineZahl.
1343 2587 1432 2622 Wer
1444 2590 1565 2622 zuerst
1574 2587 1662 2621 oder

912 2632 972 2668 die
994 2635 1116 2668 ersten
1143 2637 1163 2668 3
1184 2634 1281 2669 Male
1309 2634 1368 2669 die
1389 2633 1548 2679 richtige
1569 2634 1660 2669 Zahl

912 2680 976 2714 der
988 2691 1059 2715 von
1067 2680 1201 2715 beiden
1211 2680 1516 2726 ausgestrcckten
1524 2681 1662 2727 Finger

911 2727 1093 2809 {aas}
1106 2728 1406 2811 bragaac.
1439 2730 1464 2810 ¹5
1564 2728 1661 2811 33⁹²·

959 2825 1013 2857 23.
1053 2824 1105 2857 At
1119 2823 1212 2856 enim
1235 2822 1268 2858 S.
1287 2826 1340 2858 85.
1361 2827 1389 2857 7.
1431 2825 1436 2867 Ι
1477 2827 1526 2858 est
1547 2834 1660 2858 causa

911 2868 1099 2904 S.113.‘25.
1126 2878 1128 2883 ’
1153 2873 1207 2904 25.
1233 2871 1498 2906 iac.S.159.19.
1524 2873 1527 2899 ¹
1558 2875 1657 2913 27sq.

908 2917 1002 2952 miss.
1025 2920 1119 2952 esset.
1141 2916 1343 2953 Geschickt
1358 2918 1658 2960 war-Marnicht,
