1875 3214
122 436 180 478 25

134 497 178 529 85

193 111 251 154 54

826 110 890 145 DE
918 109 1121 146 OFFICIIS

252 220 389 277 Ergo
421 223 642 276 postque
675 220 940 277 magisque
974 220 1073 262 viri
1107 234 1238 262 nunc
1270 219 1441 276 gloria
1472 220 1647 262 claret.

194 280 318 331 Quod
351 294 487 336 genus
520 280 726 336 peccandi
758 280 984 322 vitandum
1029 283 1094 322 est
1138 280 1269 322 etiam
1313 279 1357 321 in
1401 280 1529 322 rebus
1575 279 1768 323 urbanis.

193 339 303 382 Sunt
335 340 468 395 enim,
501 340 591 396 qui,
630 340 745 396 quod
776 340 984 395 sentiunt,
1029 340 1109 382 etsi
1142 339 1355 394 optimum
1387 339 1455 393 sit,
1481 342 1627 383 tamen
1658 339 1768 382 invi-

194 400 290 442 diae
323 403 441 442 metu
473 415 560 443 non
593 400 780 442 audeant
811 400 964 443 dicere.

314 459 520 515 Omnino,
565 460 637 515 qui
680 461 742 502 rei
785 460 981 514 publicae
1022 459 1261 515 praefuturi
1294 462 1413 513 sunt,
1457 459 1540 502 duo
1572 458 1805 502 Platonis-⁷>
1848 509 1850 511 ¹

191 523 424 576 praecepta
455 523 641 575 teneant,
674 535 821 575 unum,
853 522 901 562 ut
926 519 1162 561 utilitatem
1189 519 1346 561 civium
1375 519 1435 561 sic
1460 521 1676 575 tueantur,
1707 522 1768 576 ut,

194 594 486 635 quaecumque
520 582 675 636 agunt,
723 580 775 621 ad
807 594 900 621 eam
933 579 1124 621 referant
1157 579 1281 621 obliti
1312 579 1637 622 commodorum
1669 594 1767 622 suo-

191 655 305 694 rum,
339 640 540 695 alterum,
572 643 620 682 ut
651 642 793 682 totum
826 654 981 694 eorpus
1015 640 1075 682 rei
1108 639 1304 694 publicae
1335 642 1502 694 curent,
1546 654 1619 692 ne,
1664 639 1768 682 dum

191 701 359 755 partem
394 700 583 755 aliquam
615 702 809 751 tuentur,
853 700 1042 755 reliquas
1081 698 1291 741 deserant.

1352 698 1413 741 Ut
1457 699 1573 741 enim
1616 699 1767 753 tutela,

193 760 254 801 sic
286 760 533 815 procuratio
566 760 627 801 rei
660 760 858 815 publicae
893 759 945 800 ad
979 774 1125 801 eorum
1158 759 1410 813 utilitatem,
1443 759 1515 814 qui
1547 759 1767 802 commissi
1787 770 1821 796 10

193 822 311 874 sunt,
355 835 442 861 non
477 820 530 861 ad
569 835 734 871 eorum,
780 819 936 874 quibus
969 819 1198 861 commissa
1230 821 1307 873 est,
1340 818 1527 875 gerenda
1559 821 1642 875 est3
1692 819 1766 874 qui

193 881 338 920 autem
371 881 486 934 parti
519 880 676 921 civium
709 880 959 934 consulunt,
1005 882 1173 934 partem
1204 879 1457 935 neglegunt,
1503 893 1595 920 rem
1627 878 1767 934 perni-

192 939 478 981 ciosissimam
499 939 544 980 in
564 939 786 981 civitatem
806 939 1029 993 inducunt,
1062 938 1319 981 seditionem
1340 941 1467 994 atque
1488 938 1768 993 discordiam;

192 1013 242 1040 ex
275 1013 356 1054 quo
389 999 546 1051 evenit,
579 1001 628 1040 ut
660 999 735 1040 alii
768 999 1017 1053 populares,
1050 998 1124 1039 alii
1158 998 1339 1040 studiosi
1372 998 1528 1053 optimi
1560 998 1766 1054 cuiusque

132 1068 176 1101 86
191 1058 428 1113 videantur,
461 1059 587 1114 pauci
615 1059 927 1100 universorum.
989 1057 1104 1100 Hinc
1132 1058 1244 1114 apud
1271 1057 1554 1100 Atheniensis
1581 1072 1764 1114 magnae
1784 1067 1818 1095 15

192 1117 442 1173 discordiae,
474 1119 519 1160 in
552 1121 703 1161 nostra
729 1133 774 1160 re
801 1119 973 1173 publica
999 1133 1086 1160 non
1107 1119 1245 1161 solum
1267 1118 1512 1172 seditiones,
1539 1117 1612 1160 sed
1633 1118 1765 1160 etiam

189 1178 398 1233 pestifera
431 1179 545 1220 bella
577 1179 737 1232 civilia,
771 1193 879 1233 quae
913 1178 1058 1234 gravis
1093 1180 1135 1219 et
1167 1178 1291 1220 fortis
1325 1178 1431 1220 civis
1464 1181 1507 1219 et
1537 1177 1582 1219 in
1613 1192 1658 1219 re
1689 1193 1766 1233 pu-

191 1238 305 1280 blica
339 1238 493 1294 dignus
526 1239 774 1294 principatu
806 1237 947 1295 fugiet
980 1240 1108 1293 atque
1136 1238 1274 1279 oderit
1298 1237 1525 1293 tradetque
1552 1252 1596 1279 se
1621 1239 1765 1280 totum

189 1298 252 1338 rei
285 1298 482 1353 publicae
515 1313 653 1353 neque
687 1312 789 1353 opes
825 1301 899 1339 aut
932 1298 1170 1353 potentiam
1197 1297 1516 1340 consectabitur
1541 1299 1766 1353 totamque

191 1371 285 1399 eam
320 1357 380 1400 sic
413 1358 623 1409 tuebitur,
667 1361 716 1399 ut
748 1358 947 1400 omnibus
982 1358 1194 1412 consulat,
1243 1372 1322 1399 neo
1365 1371 1466 1399 vero
1511 1357 1764 1399 criminibus

189 1417 312 1459 falsis
346 1418 390 1459 in
423 1418 567 1459 odium
601 1421 675 1460 aut
702 1417 910 1459 invidiam
939 1431 1195 1472 quemquam
1221 1417 1394 1460 vocabit
1419 1416 1678 1472 omninoque
1703 1417 1766 1459 ita

190 1477 382 1518 iustitiae
403 1477 706 1532 honestatique
734 1477 1023 1532 adhaerescet,
1055 1480 1117 1531 ut,
1148 1477 1248 1519 dum
1275 1491 1326 1519 ea
1351 1479 1588 1532 conservet,
1619 1491 1765 1532 quam-

190 1537 253 1578 vis
287 1538 478 1593 graviter
511 1537 701 1580 offendat
735 1541 1002 1592 mortemque
1037 1539 1215 1592 oppetat
1256 1537 1401 1592 potius
1435 1551 1564 1592 quam
1595 1536 1766 1578 deserat

190 1703 285 1737 enim
312 1701 367 1747 (S.
389 1707 445 1738 41.
468 1704 509 1746 8)
537 1702 587 1737 ist
619 1702 657 1737 in
690 1702 941 1737 Hexametern

189 1750 379 1785 unerhort.
414 1751 419 1794 Ι
448 1751 620 1796 ponebat.
678 1749 746 1785 Die
785 1749 940 1785 Verbal-

190 1797 389 1844 endungen
415 1802 454 1833 at
474 1797 550 1832 und
574 1802 606 1833 et
633 1797 715 1833 sind
740 1801 940 1843 urspriing-

189 1845 267 1880 lich
287 1845 377 1891 lang
397 1845 466 1880 wie
488 1857 529 1880 as
549 1846 624 1880 und
644 1857 679 1881 es
698 1846 774 1880 und
792 1845 941 1881 werden

189 1892 228 1927 in
248 1893 313 1928 der
332 1894 476 1928 alteren
496 1893 681 1928 Latinitat
704 1892 940 1928 ausschliess-

188 1939 267 1975 lich
313 1952 353 1976 so
398 1941 619 1987 gebraucht.
667 1943 672 1986 1
716 1945 745 1976 1.
787 1945 941 1986 postque

189 1989 374 2034 mayisque
412 1989 558 2024 scheint
596 2001 639 2024 zu
684 1988 826 2023 heissen
868 1989 940 2023 ‘so-

189 2036 291 2071 wohl
305 2038 433 2082 sp'ater
443 2037 498 2072 als
515 2037 610 2072 auch
620 2037 726 2072 mehr
739 2036 850 2072 noch’
865 2037 941 2080 (als

188 2084 388 2119 beiseinen
401 2084 635 2129 Lebzeiten).
670 2087 675 2130 1
712 2088 744 2120 3.
758 2085 940 2120 sentiunt

189 2132 286 2166 statt
299 2133 460 2167 sentiant
473 2133 542 2168 wie
560 2133 595 2167 Z.
613 2137 631 2167 7
648 2136 782 2178 ayunt,
803 2136 823 2167 9
839 2136 941 2167 tuen—

189 2183 251 2214 tur
276 2191 304 2214 z.
333 2179 367 2213 II
389 2184 433 2215 14
452 2191 484 2215 a.
505 2193 553 2216 m.
580 2191 673 2225 quae
697 2181 782 2216 sint.
812 2183 817 2224 Ι
845 2181 941 2215 enim

190 2225 296 2262 S.39.
314 2231 345 2263 7.
382 2230 387 2271 Ι
422 2232 454 2262 4.
481 2232 577 2263 metu
592 2228 627 2263 S.
644 2232 699 2262 20.
718 2232 772 2262 17.
802 2230 807 2272 Ι
840 2227 940 2262 Statt

189 2275 353 2310 audeant
378 2275 501 2310 haben
533 2275 593 2310 die
619 2275 777 2310 Hdschr.
805 2276 942 2310 audent

189 2333 312 2367 gegen
345 2322 416 2357 den
449 2323 561 2358 klass.
594 2323 940 2368 Sprachgebrauch.

189 2369 280 2404 Was
325 2381 411 2404 man
456 2382 518 2405 zur
555 2369 830 2416 Verteidigung
875 2370 940 2405 des

189 2417 310 2452 Indik.
338 2429 612 2463 angenommen
637 2418 719 2462 hat,
747 2417 821 2453 Cic.
843 2417 940 2452 habe

190 2477 239 2500 an
258 2465 319 2500 bez
347 2466 475 2500 immte
496 2465 684 2501 Personen
704 2465 876 2510 gedacht‚
891 2466 942 2500 ist

191 2513 288 2548 ohne
315 2513 465 2549 Zweifel
495 2512 751 2549 thatsachlich
787 2512 938 2558 richffig,

191 2561 268 2595 erkl
319 2563 334 2596 t
354 2562 444 2596 aber
464 2561 536 2596 den
548 2561 680 2596 Modus
701 2561 820 2602 nieht;
844 2560 939 2595 denn

108 2623 132 2658 Q
190 2608 255 2643 der
292 2609 433 2644 ssss'veck
478 2608 543 2644 des
588 2608 800 2643 Ausdrncks
841 2611 939 2652 sunt,

150 2651 256 2690 'Qui
280 2666 300 2691 e
344 2655 448 2700 nist,
489 2656 549 2692 die
580 2656 822 2692 bestimmten
854 2654 940 2690 Per-

173 2694 322 2750 ⁸‘L‚›nen‚
380 2704 415 2739 ie
448 2715 535 2739 man
573 2704 781 2749 moglioher
813 2703 939 2738 Weise

190 2749 243 2784 im
270 2752 375 2796 Auge
401 2752 486 2796 hat,
520 2752 575 2787 als
601 2751 869 2787 unbestimmte
895 2762 939 2785 zu

190 2797 427 2834 bezeichnen.
472 2799 615 2835 Anders
634 2798 697 2834 bei
715 2799 824 2834 multi
840 2802 939 2841 sunt,

190 2847 256 2890 qui
294 2846 328 2881 S.
356 2851 413 2882 31.
442 2850 497 2882 16.
566 2847 658 2882 Eine
698 2847 940 2891 Konsequenz

191 2893 257 2928 der
294 2892 570 2940 Beibehaltung
607 2906 682 2929 von
719 2895 856 2930 audent
890 2893 941 2929 ist

192 2951 230 2976 es
256 2940 355 2976 dann
387 2943 452 2977 etsi
477 2943 652 2987 optimum
683 2946 746 2977 est
783 2954 828 2977 zu
852 2941 938 2977 kor-

1015 1700 1194 1747 rigieren;
1227 1702 1324 1738 denn
1344 1703 1411 1737 etsi
1430 1702 1482 1737 ist
1498 1701 1605 1737 nicht
1622 1701 1766 1738 etiamsi

1014 1750 1091 1784 und
1117 1749 1218 1784 kann
1242 1762 1312 1785 nur
1336 1749 1398 1785 bei
1427 1749 1765 1795 fibergeordnetem

1013 1796 1248 1842 Konjunktiv
1281 1797 1371 1832 oder
1411 1797 1515 1832 Infin.
1548 1798 1622 1833 den
1653 1797 1763 1844 Konj.

1014 1845 1137 1880 haben
1164 1845 1294 1891 (vergl.
1321 1858 1349 1881 z.
1376 1845 1411 1881 II
1433 1849 1476 1881 70
1496 1845 1573 1890 in.).

1063 1897 1093 1928 5.
1128 1894 1249 1937 praef.
1263 1896 1351 1928 sunt
1363 1893 1424 1928 fiir
1437 1895 1546 1928 erunt
1559 1893 1594 1929 S.
1609 1895 1666 1928 48.
1685 1895 1738 1928 12.
1756 1892 1762 1939 Ι

1015 1945 1046 1975 6.
1086 1952 1209 1977 unum.
1248 1940 1344 1977 Plat.
1376 1952 1453 1986 rep.
1483 1944 1552 1976 342
1586 1951 1606 1976 e
1638 1936 1766 1981 οὐδεὶς

1016 1985 1057 2024 ἐν
1085 1985 1244 2037 οὐδεμιᾷ
1271 1985 1388 2034 ἀρχῇ,
1410 1985 1507 2024 καθ’
1528 1984 1618 2024 ὅσον
1637 1985 1764 2034 ἄρχων

1017 2033 1110 2079 ἐστὶ,
1156 2033 1197 2071 τὸ
1241 2033 1343 2083 αὑτῷ
1389 2035 1583 2081 ξυμφέρον
1631 2039 1770 2072 σκοπεῖ

1015 2080 1101 2119 οὐδ’
1145 2081 1351 2127 ἐπιτάττει,
1395 2081 1490 2119 ἀλλὰ
1528 2081 1571 2119 τὸ
1609 2083 1660 2131 τῷ
1698 2080 1764 2129 ἆρ-

1014 2131 1161 2179 χομένῳ
1187 2132 1253 2167 καὶ
1279 2125 1307 2179 ᾧ
1334 2128 1385 2167 ὂὶν
1405 2127 1520 2172 αὐτὸς
1540 2132 1764 2189 δημιουργῇ,

1015 2180 1079 2214 καὶ
1110 2177 1203 2224 πρὸς
1236 2177 1362 2215 ἐκεῖνο
1386 2177 1532 2226 βλέπων
1557 2192 1599 2214 το
1628 2176 1762 2226 ἐκείνῳ

1014 2227 1208 2273 ξυμφέρον
1234 2226 1298 2262 καὶ
1324 2227 1468 2272 πρέπον
1502 2227 1567 2262 καὶ
1591 2225 1711 2271 λέγει,
1737 2222 1762 2262 ἃ

1014 2276 1132 2320 λέγει,
1159 2275 1225 2309 καὶ
1249 2278 1367 2317 ποιεῖ,
1388 2269 1413 2309 ἃ
1433 2277 1547 2317 ποιεῖ,
1566 2269 1729 2310 ἅπαντα.
1750 2274 1760 2334 l

1015 2326 1048 2357 8.
1106 2324 1269 2358 alterum.
1331 2322 1427 2357 Plat.
1459 2333 1536 2367 rep.
1563 2321 1677 2358 42ob
1715 2333 1762 2358 ου

1013 2368 1087 2416 μὴν
1108 2369 1200 2415 πρὸς
1220 2369 1330 2405 τοῦτο
1352 2367 1552 2418 βλέποντες
1570 2366 1639 2414 τὴν
1652 2367 1764 2405 πόλιν

1014 2417 1222 2463 οἰκίζομεν,
1255 2413 1357 2458 ὅπως
1390 2416 1431 2452 ἓν
1456 2431 1492 2452 τι
1523 2413 1615 2462 ἡμῖν
1648 2415 1764 2458 ἔθνος

1015 2464 1118 2500 ἔσται
1156 2462 1416 2510 διαφερόντως
1450 2462 1652 2523 εὔδαιμον,
1683 2461 1761 2500 ἀλλ’

1013 2509 1114 2553 ὅπως
1145 2509 1166 2547 ὅ
1198 2526 1233 2547 τι
1264 2510 1422 2558 μάλιστα
1454 2509 1520 2557 ὅλη
1552 2525 1576 2558 η
1608 2509 1725 2554 πόλις.
1755 2512 1760 2559 Ι

1016 2565 1070 2596 10.
1104 2561 1154 2597 ad
1190 2561 1302 2597 utilit.
1344 2561 1379 2596 S.
1414 2564 1445 2596 1.
1478 2563 1511 2596 5.
1545 2563 1551 2605 Ι
1593 2564 1646 2596 12.
1679 2571 1760 2596 eon·

1012 2610 1140 2644 sulum
1171 2629 1233 2652 —‚
1265 2610 1399 2654 meyley.
1434 2607 1469 2643 S.
1503 2612 1537 2644 2.
1564 2612 1596 2643 2.
1644 2610 1648 2652 Ι
1687 2619 1763 2644 rem

1014 2656 1049 2692 S.
1070 2660 1170 2691 71.9.
1213 2657 1218 2699 l
1260 2660 1315 2693 17.
1361 2657 1404 2691 iu
1427 2667 1467 2692 re
1485 2667 1525 2701 p.
1559 2654 1595 2690 S.
1622 2659 1655 2691 4.
1682 2660 1714 2691 3.
1754 2655 1759 2702 ί

1015 2708 1057 2739 19
1084 2716 1118 2739 u.
1145 2708 1189 2738 21
1216 2715 1283 2750 que
1308 2703 1343 2739 S.
1372 2707 1427 2739 17.
1455 2707 1487 2739 9.
1537 2703 1587 2738 Es
1611 2703 1763 2738 hindert

1013 2752 1103 2787 aber
1129 2752 1224 2786 auch
1250 2751 1372 2786 nichts
1398 2755 1555 2786 ersteres
1579 2750 1648 2785 mit
1670 2750 1761 2785 ‘und

1013 2799 1239 2844 uberhaupt'
1269 2799 1326 2844 (S.
1344 2799 1456 2843 19.4)
1482 2798 1558 2833 und
1583 2798 1650 2833 das
1676 2809 1760 2832 vor-

1011 2846 1251 2892 hergehende
1288 2857 1400 2891 neque
1439 2846 1511 2880 mit
1551 2845 1662 2880 ‘ohne
1700 2845 1759 2880 zu’

1013 2894 1164 2939 (S.2.4)
1186 2905 1231 2928 zu
1252 2894 1477 2929 fibersetzen.
1512 2892 1518 2938 Ι
1553 2896 1610 2928 23.
1628 2893 1761 2937 offend.

1011 2941 1126 2977 heisst
1138 2942 1364 2987 fibertragen
1380 2939 1548 2976 ‘Anstoss
1569 2940 1762 2984 nehmen’‚

1785 1368 1821 1393 20
