1875 3214
204 99 287 141 102
857 99 921 134 DE
949 99 1150 136 OFFICIIS

200 209 309 249 sima
340 211 514 263 putant,
554 211 628 250 aut
669 208 734 250 cui
768 208 895 250 fidem
927 209 1091 251 habent
1125 212 1167 251 et
1199 209 1308 252 bene
1340 210 1468 252 rebus
1501 213 1588 252 suis
1621 225 1776 253 consu-

200 268 286 309 lere
321 268 601 321 arbitrantur,
635 270 710 309 aut
743 268 862 310 cuius
896 283 999 323 opes
1026 271 1240 323 metuunt,
1273 272 1348 310 aut
1375 271 1536 323 contra,
1569 284 1594 311 a
1622 270 1776 324 quibus

199 327 363 381 aliquid
396 330 671 381 exspectant,
715 330 764 368 ut
803 342 899 369 cum
937 342 1060 383 reges
1102 328 1388 382 popularesve
1419 328 1616 371 homines
1649 328 1776 383 largi-

197 386 335 428 tiones
382 387 550 441 aliquas
595 389 865 441 proponunt,
915 390 990 428 aut
1035 390 1257 441 postremo
1302 387 1443 441 pretio
1489 402 1537 429 ac
1582 387 1775 430 mercede

198 446 430 499 ducuntur,
474 460 581 500 quae
616 446 913 488 sordidissima
946 449 1012 487 est
1044 446 1121 487 illa
1155 446 1327 501 quidem
1359 447 1469 488 ratio
1503 449 1546 488 et
1579 446 1776 502 inquina-
1813 459 1830 486 5

197 505 366 546 tissima
400 508 442 546 et
474 506 538 558 iis,
571 505 643 560 qui
676 519 725 546 ea
757 508 978 559 tenentur,
1012 509 1054 547 et
1086 506 1186 560 illis,
1219 506 1293 560 qui
1327 505 1380 547 ad
1413 520 1508 548 eam
1541 506 1775 561 confugere

137 574 181 605 22
200 567 427 618 conantur3
473 565 583 606 male
624 565 737 606 enim
777 580 820 606 se
860 580 928 606 res
961 564 1114 619 habet,
1161 579 1275 620 cum,
1321 565 1435 620 quod
1467 565 1629 608 virtute
1663 565 1776 607 effici

198 624 336 678 debet,
368 624 410 664 id
444 626 685 679 temptatur
717 624 908 678 pecunia.
968 622 1050 666 Sed
1084 624 1290 679 quoniam
1316 639 1403 666 non
1428 639 1666 679 numquam
1692 624 1774 667 hoc

197 683 435 724 subsidium
468 683 759 725 necessarium
793 686 877 738 est,
924 698 1050 738 quem
1085 683 1137 725 ad
1170 683 1347 725 modum
1380 684 1438 725 sit
1469 684 1678 726 utendum
1712 698 1773 738 eo,

196 742 404 796 dicemus,
450 743 485 784 si
526 743 646 797 prius
685 743 738 784 iis
777 743 827 784 de
866 743 1014 797 rebus,
1056 757 1164 798 quae
1205 743 1355 784 virtuti
1394 743 1618 797 propiores
1660 745 1774 798 sunt,
1795 756 1829 781 10

195 802 440 843 dixerimus.
504 802 648 857 Atque
682 802 813 843 etiam
846 802 1064 844 subiciunt
1093 817 1137 843 se
1163 802 1362 843 homines
1388 801 1569 856 imperio
1597 802 1772 844 alterius

195 863 238 902 et
270 861 479 915 potestati
513 861 562 903 de
597 862 738 902 causis
778 861 985 915 pluribus.
1048 861 1275 903 Ducuntur
1320 861 1434 903 enim
1480 864 1555 903 aut
1598 861 1773 903 benivo-

195 920 329 961 lentia
362 930 436 962 aut
469 921 775 962 beneficiorum
810 920 1110 976 magnitudine
1143 923 1218 963 aut
1254 920 1478 976 dignitatis
1505 921 1774 975 praestantia

195 982 270 1020 aut
304 994 377 1034 spe
412 980 493 1021 sibi
527 980 569 1021 id
602 981 706 1021 utile
732 979 928 1022 futurum
966 983 1041 1022 aut
1067 983 1196 1034 metu,
1228 994 1282 1022 ne
1307 979 1350 1021 vi
1375 993 1525 1034 parere
1551 983 1776 1035 cogantur,

156 1075 178 1088 ,.
197 1042 271 1080 aut
306 1054 379 1093 spe
414 1039 658 1095 largitionis
691 1039 1002 1095 promissisque
1035 1039 1152 1094 capti
1186 1042 1261 1081 aut
1292 1041 1531 1095 postremo,
1563 1041 1612 1080 ut
1645 1053 1772 1093 saepe
1794 1051 1827 1078 15

136 1089 245 1166 2{in
289 1101 436 1140 nostra
479 1113 524 1140 re
569 1099 743 1153 publica
788 1099 1000 1153 videmus,
1052 1099 1245 1140 mercede
1290 1098 1501 1140 conducti.
1571 1098 1775 1140 Omnium

200 1160 342 1199 autem
384 1172 527 1199 ierum
566 1173 644 1199 nec
690 1159 832 1213 aptius
879 1161 945 1200 est
989 1158 1217 1213 quicquam
1264 1158 1317 1199 ad
1359 1172 1462 1212 opes
1501 1157 1683 1199 tuendas
1726 1171 1775 1198 ac

193 1216 398 1258 tenendas
444 1232 573 1272 quam
620 1217 742 1273 diligi
787 1232 865 1260 nec
910 1218 1092 1259 alienius
1138 1232 1266 1272 quam
1311 1217 1469 1258 timeri.
1547 1216 1774 1259 Praeclare

194 1276 306 1318 enim
339 1276 529 1318 Ennius:

254 1335 408 1385 Quem
455 1338 708 1389 metuunt,
754 1336 995 1390 oderunt3
1041 1350 1185 1391 quem
1219 1335 1439 1390 quisque
1473 1334 1602 1389 odit,
1639 1334 1773 1390 peri·
1793 1347 1828 1373 20

1244 1395 1346 1436 isse
1380 1394 1592 1449 expetit.

192 1453 429 1495 Multorum
469 1456 613 1495 autem
656 1454 763 1495 odiis
803 1455 945 1496 nullas
986 1469 1087 1509 opes
1130 1468 1257 1509 posse
1297 1453 1528 1508 obsistere,
1574 1453 1612 1495 si
1644 1456 1772 1495 antea

192 1513 275 1554 fuit
314 1513 533 1568 ignotum,
572 1528 709 1567 nuper
748 1517 814 1555 est
860 1514 1095 1568 cognitum.
1157 1512 1249 1555 Nec
1287 1527 1388 1555 vero
1426 1513 1554 1554 huius
1593 1512 1771 1567 tyranni

194 1573 351 1626 solum,
381 1587 508 1627 quem
536 1573 667 1614 armis
695 1587 904 1627 oppressa
931 1573 1110 1627 pertulit
1137 1573 1289 1615 civitas
1318 1587 1366 1614 ac
1398 1574 1522 1627 paret
1554 1586 1651 1614 cum
1684 1586 1773 1613 ma-

1020 1724 1086 1758 der
1105 1723 1317 1759 romischen
1336 1723 1588 1759 Aristokratie
1616 1723 1773 1759 bersick-

198 1745 234 1749 —
257 1728 322 1759 aut
341 1725 489 1759 honoris
512 1724 832 1769 entsprechenden
847 1723 946 1759 Glie-

1021 1771 1177 1816 sichtigt
1202 1771 1311 1814 wird,
1345 1771 1440 1816 liegt
1472 1771 1538 1805 auf
1561 1771 1625 1805 der
1650 1770 1772 1805 Hand.

194 1771 258 1806 der
285 1771 483 1816 angepasst
508 1771 563 1806 bis
591 1771 656 1806 auf
679 1772 745 1806 das
772 1771 810 1805 in
831 1772 943 1807 Form

192 1819 293 1853 eines
338 1819 588 1863 Hauptsatzes
634 1818 944 1864 angeschlossene

191 1867 302 1901 letzte
323 1870 388 1901 aut
398 1867 518 1910 pretio
532 1867 735 1909 (lucaman
765 1866 798 1901 S.
818 1869 870 1901 18.
889 1871 919 1900 1.
938 1867 941 1911 1

194 1918 303 1958 lsqq.
343 1915 405 1948 cui
432 1935 474 1938 ἡ
501 1914 582 1948 hab.
610 1915 799 1958 et(quem)
816 1914 944 1949 arbitr.

193 1961 227 1996 S.
247 1965 341 1996 19.5.
379 1962 383 2005 Ι
418 1966 448 1995 5.
482 1961 650 2003 sordid&
670 1965 712 1995 52
729 1974 776 1997 m.
802 1963 805 2001 Ι
831 1965 884 1995 10.
913 1962 946 1995 si

193 2008 229 2044 S.
257 2012 312 2043 94.
343 2013 372 2043 7.
410 2011 413 2052 i
452 2013 582 2053 12sqq.
634 2008 829 2043 Nachdem
855 2012 874 2050 ἓ
902 2012 944 2043 21

192 2055 298 2090 sechs
327 2055 476 2091 Grunde
505 2055 707 2101 angeffihrt
741 2056 840 2099 sind,
880 2067 946 2090 aus

193 2103 314 2137 denen
353 2103 414 2138 ein
453 2103 607 2138 Mensch
653 2103 738 2137 dem
783 2102 946 2137 anderen

192 2152 310 2194 m'itzt‚
326 2162 392 2185 aus
409 2150 635 2195 Zuneigung,
657 2150 946 2195 Hochachtung,

192 2197 402 2232 Vertrauen
438 2198 511 2232 und
546 2197 736 2242 Hoffnung
767 2197 833 2232 auf
856 2197 946 2232 Vor-

191 2245 270 2288 teil,
293 2244 448 2287 Furcht,
476 2244 694 2290 Eigennutz‚
718 2244 859 2289 infolge
874 2256 948 2279 von

192 2291 438 2336 Bestechung,
469 2292 617 2326 werden
644 2292 724 2326 hier
750 2292 944 2327 nochmals

193 2339 231 2373 in
258 2339 453 2374 derselben
480 2339 727 2384 Reihenfolge
754 2339 945 2374 dieselben

193 2386 344 2421 Grfinde
395 2386 630 2431 aufgezahlt,
692 2397 833 2421 warum
885 2386 946 2421 ein

193 2434 346 2469 Mensch
375 2434 453 2469 sich
474 2433 558 2469 dem
580 2434 720 2468 andern
741 2433 945 2477 blindlings

194 2481 454 2524 unterordnet‚
492 2492 562 2515 nur
601 2479 678 2515 dass
718 2481 812 2515 statt
847 2481 944 2515 beni-

192 2529 362 2571 volentia,
389 2539 469 2563 cum
489 2549 532 2553 —-
554 2528 757 2573 quempiam
783 2528 945 2571 diligunt

192 2576 275 2610 hier
300 2575 484 2610 zweierlei
515 2574 716 2620 angefiihrt
747 2575 812 2616 ist,
847 2575 944 2609 beni·

193 2623 352 2658 volentia
372 2627 438 2657 aut
452 2623 705 2666 beneficiorum
716 2622 943 2667 mamdtudo,

194 2680 404 2715 weswegen
429 2670 588 2704 manche
620 2673 687 2704 aut
711 2669 750 2704 in
775 2672 807 2704 et
833 2672 945 2714 gean-

195 2717 279 2751 dert
318 2717 441 2752 haben
481 2717 537 2759 (S.
560 2721 615 2752 21.
638 2719 690 2760 5).
742 2716 826 2751 Wie
852 2715 947 2751 will-

195 2764 343 2799 ki'irlich
359 2764 460 2799 diese
474 2764 659 2799 Klassifizi
667 2775 784 2809 erung
803 2763 862 2807 ist,
889 2762 945 2797 in—

194 2811 280 2845 dem
306 2823 334 2847 z.
356 2812 396 2846 Β.
424 2811 488 2846 Nr.
510 2815 530 2846 3
551 2823 585 2845 u.
604 2815 624 2846 5
651 2810 822 2846 ziemlich
841 2809 946 2845 iden-

196 2858 295 2892 tisch
321 2858 420 2901 sind,
448 2859 524 2893 und
549 2858 619 2893 wie
646 2858 823 2902 einseitig
849 2858 945 2893 auch

194 2905 276 2940 hier
301 2905 479 2951 lediglich
507 2906 572 2941 das
592 2905 792 2950 politische
818 2905 946 2940 Leben

1019 1818 1074 1852 Im
1099 1818 1127 1852 F
1132 1818 1318 1862 olgenden
1342 1818 1436 1852 wird
1468 1817 1528 1852 die
1554 1817 1774 1863 Eintcilung

1020 1865 1204 1900 durchaus
1223 1864 1330 1901 nicht
1348 1864 1612 1910 festgehalten.
1656 1867 1688 1909 1)
1705 1877 1734 1901 c.
1752 1869 1771 1900 ‘1

1019 1925 1054 1947 u.
1082 1917 1102 1948 8
1129 1912 1294 1947 handeln
1323 1923 1395 1948 von
1428 1913 1671 1948 benivolentia
1695 1912 1773 1947 und

1018 1964 1148 2004 metus,
1195 1962 1230 2004 2)
1259 1971 1288 1995 c.
1317 1963 1435 1995 9—14
1460 1971 1535 1995 von
1560 1959 1626 1995 der
1649 1960 1770 2006 qloria

1022 2008 1132 2052 (oben
1139 2008 1251 2043 honos
1262 2020 1296 2042 u.
1305 2007 1502 2054 diynitatis
1506 2008 1771 2052 praestantia),

1021 2056 1056 2100 3)
1086 2065 1115 2089 c.
1135 2058 1275 2090 15—24
1300 2066 1374 2090 von
1400 2054 1466 2089 der
1485 2055 1721 2098 beneficentia
1734 2066 1770 2089 u,

1021 2103 1234 2137 liberalitas.
1265 2104 1269 2147 Ι
1303 2106 1358 2137 12.
1385 2101 1530 2137 enimS.
1542 2106 1597 2137 13.
1611 2106 1658 2137 3.
1680 2103 1684 2146 Ι
1717 2105 1770 2136 13.

1021 2150 1134 2193 benef.
1162 2150 1313 2194 maym’t.
1342 2149 1450 2184 S.14.
1469 2153 1525 2184 10.
1564 2151 1567 2193 Ι
1611 2153 1666 2184 14.
1710 2159 1772 2194 spe

1021 2197 1191 2239 futurum
1217 2196 1292 2231 und
1317 2200 1431 2239 metu,
1474 2207 1519 2230 oze
1553 2196 1587 2230 S.
1617 2199 1674 2232 32.
1701 2200 1733 2231 4.
1765 2198 1767 2230 l

1025 2248 1077 2279 18.
1107 2245 1215 2280 alien.
1233 2243 1268 2280 S.
1286 2243 1440 2288 74.1Ο.Ι
1464 2247 1518 2278 19.
1554 2242 1658 2278 Eun.
1674 2243 1771 2278 ohne

1019 2291 1131 2327 Verb.
1158 2289 1320 2326 11149a
1336 2303 1383 2326 m.
1426 2292 1430 2334 Ι
1473 2294 1530 2326 20.
1575 2289 1664 2324 Man
1690 2301 1769 2325 ver-

1019 2338 1150 2381 mutet‚
1177 2337 1258 2373 dass
1285 2338 1350 2373 der
1375 2338 1468 2373 Vers
1495 2348 1562 2372 aus
1589 2337 1656 2372 der
1683 2337 1771 2372 Tra-

1019 2385 1131 2430 godie
1160 2384 1345 2430 Thyestes
1385 2384 1436 2419 ist
1470 2384 1541 2420 wie
1569 2383 1604 2419 S.
1619 2388 1676 2420 20.
1693 2388 1714 2420 6
1734 2397 1770 2419 u.

1019 2432 1166 2468 111104.
1203 2435 1207 2476 l
1237 2433 1400 2477 periisse.
1426 2431 1503 2467 Das
1516 2432 1614 2467 Perf.
1631 2431 1771 2467 drfickt

1019 2479 1079 2514 die
1089 2479 1366 2524 Dringlichkeit
1377 2480 1442 2515 des
1450 2479 1657 2514 Wunsches
1667 2489 1744 2515 aus.

1019 2531 1075 2563 22.
1115 2527 1221 2570 odiis,
1246 2526 1280 2563 S.
1299 2531 1376 2562 103.
1392 2530 1412 2562 2
1427 2527 1547 2562 exitus
1562 2525 1598 2562 S.
1615 2530 1668 2561 15.
1687 2529 1742 2561 10.

1020 2578 1076 2609 24.
1126 2586 1228 2620 quem
1256 2578 1350 2620 pert.
1384 2585 1428 2610 ac
1455 2577 1564 2619 paret
1589 2572 1624 2608 S.
1654 2577 1708 2609 19.
1736 2576 1768 2608 5.

1020 2621 1121 2656 Statt
1165 2633 1208 2657 ac
1239 2625 1349 2667 paret
1391 2621 1515 2656 haben
1553 2620 1613 2655 die
1652 2622 1770 2666 guten

1019 2668 1177 2704 Hdschr.
1205 2672 1378 2714 apparet,
1418 2668 1479 2703 die
1516 2667 1631 2713 Ausg.
1670 2667 1769 2703 nach

1021 2716 1101 2750 cod.
1118 2727 1137 2750 c
1146 2719 1341 2761 paretque,
1368 2716 1463 2751 statt
1476 2726 1556 2751 cum
1568 2735 1612 2740 —
1626 2718 1768 2750 mortuo

1018 2762 1104 2808 jene
1113 2764 1219 2798 cuius
1229 2783 1271 2787 —
1281 2763 1417 2798 mortui
1425 2762 1515 2798 oder
1515 2763 1657 2807 portui,
1674 2762 1768 2796 statt

1019 2810 1139 2845 valeat
1151 2810 1256 2845 valet.
1291 2809 1403 2845 Diese
1416 2808 1767 2853 Verschreibungen

1019 2856 1146 2892 haben
1170 2869 1214 2891 zu
1233 2857 1504 2902 gewaltsamen
1516 2855 1767 2891 Textesande-

1019 2915 1164 2949 rungcn
1189 2904 1468 2949 Veranlassung
1492 2903 1678 2948 gegeben,
1707 2902 1767 2938 die
