1875 3214
166 95 251 137 142

809 94 872 130 DE
900 94 1108 132 OFFICIIS

163 207 312 259 altero,
347 205 511 247 utilene
540 207 657 247 esset
678 220 735 247 an
756 205 926 261 inutile,
959 207 1104 262 tertio,
1137 207 1174 249 si
1195 206 1251 257 id,
1284 205 1401 262 quod
1424 206 1613 262 speciem
1632 206 1763 250 habe-

163 269 229 308 ret
262 265 447 319 honesti,
481 269 698 321 pugnaret
731 280 828 308 cum
863 280 926 321 eo,
954 267 1069 322 quod
1102 266 1209 308 utile
1242 266 1479 321 videretur,
1511 280 1597 322 quo
1629 267 1759 310 modo

164 340 214 368 ea
246 325 433 368 discerni
467 328 702 381 oporteret,
735 325 786 368 de
820 325 989 369 duobus
1023 326 1257 383 generibus
1284 325 1438 381 primis
1464 326 1608 370 tribus
1633 327 1762 370 libris

163 386 415 442 explicavit,
461 386 511 427 de
556 385 685 428 tertio
726 389 875 428 autem
908 400 1066 443 genere
1099 387 1302 442 deinceps
1336 400 1382 429 se
1415 386 1594 442 scripsit
1625 386 1763 430 dictu-

126 457 259 489 ssrum
293 461 371 488 nec
406 446 592 488 exsolvit
625 446 686 500 id,
719 446 834 502 quod
867 447 1138 502 promiserat.

1204 446 1329 497 Quod
1361 460 1412 489 eo
1445 447 1591 504 magis
1616 447 1764 504 miror,

164 506 266 562 quia
300 506 511 561 scriptum
546 522 571 548 a
605 506 819 561 discipulo
846 508 939 549 eius
961 506 1198 550 Posidonio
1227 510 1293 549 est
1326 506 1513 563 triginta
1545 507 1671 550 annis
1703 509 1768 551 vi-

164 568 279 610 xisse
307 565 584 618 Panaetium,
619 571 906 622 posteaquam
934 568 1034 610 illos
1069 568 1206 610 libros
1243 567 1462 612 edidisset.

1525 566 1664 618 Quem
1703 568 1766 611 lo-

163 642 260 669 cum
301 627 435 669 miror
474 642 499 668 a
544 626 778 669 Posidonio
825 627 1017 670 breviter
1062 642 1156 670 esse
1201 630 1367 670 tactum
1412 627 1461 670 in
1504 627 1767 684 quibusdam

164 687 512 737 commentariis,
561 688 821 742 praesertim
868 702 966 730 cum
1013 688 1178 730 scribat
1216 688 1385 730 nullum
1419 702 1512 730 esse
1545 688 1690 731 locum
1723 689 1768 731 in

128 752 259 790 9tota
298 747 579 802 philosophia
612 751 703 789 tam
737 748 1042 789 necessarium.

167 809 241 863 qui
275 812 443 863 negant
476 822 573 849 eum
611 807 753 849 locum
783 823 807 849 a
828 807 1038 849 Panaetio
1066 807 1438 862 praetermissum,
1471 807 1546 850 sed
1566 808 1768 852 consulto

166 868 378 921 relictum,
411 882 489 909 nec
524 868 704 909 omnino
739 867 1015 909 scribendum
1043 868 1186 922 fuisse,
1219 868 1322 923 quia
1354 882 1593 924 numquam
1619 871 1772 924 posset

168 928 338 970 utilitas
375 942 472 969 cum
506 927 739 969 honestate
768 941 976 982 pugnare.
1030 928 1094 970 De
1122 943 1207 983 quo
1229 928 1417 970 alterum
1437 929 1586 983 potest
1606 927 1767 971 habere

167 988 504 1040 dubitationem,
551 987 918 1030 adhibendumme
960 988 1092 1030 fuerit
1124 988 1205 1030 hoc
1239 1002 1395 1044 genus,
1440 988 1554 1044 quod
1585 987 1631 1030 in
1664 987 1769 1032 divi-

169 1049 289 1090 sione
324 1047 507 1089 Panaeti
541 1047 718 1089 tertium
753 1052 839 1102 est,
873 1063 929 1090 an
963 1049 1092 1103 plane
1126 1048 1441 1103 omittendum,
1473 1048 1661 1091 alterum
1693 1048 1768 1091 du·
1786 1058 1820 1085 15

167 1109 299 1150 bitari
334 1123 422 1150 non
455 1112 613 1163 potest,
647 1108 753 1162 quin
787 1123 812 1149 a
841 1107 1050 1151 Panaetio
1079 1112 1331 1164 susceptum
1359 1108 1430 1163 sit,
1463 1108 1537 1151 sed
1557 1108 1769 1152 relictum.

168 1167 283 1210 Nam
324 1169 395 1223 qui
436 1184 458 1210 e
498 1167 710 1210 divisione
756 1168 978 1223 tripertita
1024 1169 1132 1211 duas
1177 1172 1323 1223 partes
1368 1168 1623 1224 absolverit,
1668 1168 1770 1212 huic

173 1243 349 1271 necesse
384 1232 451 1270 est
486 1231 651 1269 restare
686 1229 879 1281 tertiam3
926 1232 1153 1284 praeterea
1186 1230 1242 1274 in,
1264 1232 1458 1271 extremo
1491 1229 1603 1271 libro
1636 1229 1768 1272 tertio

110 1289 221 1331 lode
256 1289 336 1331 hac
378 1293 502 1344 parte
541 1288 774 1343 pollicetur
818 1304 862 1330 se
909 1289 1110 1344 deinceps
1158 1303 1252 1331 esse
1298 1289 1527 1331 dicturum.
1590 1288 1772 1332 Accedit

172 1349 323 1391 eodem
357 1349 484 1390 testis
512 1348 707 1403 locuples
743 1347 1015 1402 Posidonius,
1049 1350 1122 1405 qui
1155 1349 1289 1391 etiam
1323 1349 1477 1392 scribit
1508 1349 1556 1391 in
1582 1348 1770 1405 quadam
1791 1358 1826 1385 2⁰
1855 1363 1862 1371 ·

170 1410 358 1464 epistula
393 1408 439 1451 P.
472 1408 686 1450 Rutilium
714 1408 876 1450 Rufum
911 1409 1051 1451 dicere
1091 1410 1249 1462 solere,
1292 1409 1367 1465 qui
1399 1408 1660 1452 Panaetium
1698 1423 1770 1451 au-

171 1470 319 1523 dierat,
354 1473 399 1510 nt
433 1483 560 1511 nemo
595 1468 735 1523 pictor
768 1472 882 1511 esset
914 1469 1130 1523 inventus,
1163 1470 1236 1525 qui
1268 1470 1314 1512 in
1347 1468 1439 1513 Coa
1470 1468 1640 1512 Venere
1674 1483 1771 1512 eam

170 1533 358 1585 partein,
392 1543 523 1584 quam
560 1528 738 1584 Apelles
774 1529 1023 1571 inchoatam
1060 1530 1327 1585 reliquisset,
1367 1529 1618 1572 absolveret
1661 1527 1768 1585 (oris

170 1590 284 1632 enim
333 1589 611 1645 pulchritudo
658 1589 812 1644 reliqui
859 1590 1054 1644 corporis
1095 1589 1295 1632 imitandi
1342 1604 1464 1646 spem
1510 1588 1770 1647 auferebat),

171 1651 231 1692 sic
279 1665 346 1703 ea,
392 1665 502 1705 quae
547 1649 782 1691 Panaetius
830 1651 1200 1705 praetermisisset
1246 1652 1315 1704 [et
1352 1665 1443 1694 non
1481 1648 1769 1705 perfecisset],

173 1786 201 1815 1.
231 1781 492 1816 1·m‹t.S.24.2.
529 1780 534 1822 1
569 1779 691 1814 haber.
720 1778 887 1816 S.26.13.
928 1782 931 1822 ἰ

171 1833 202 1863 5.
257 1839 319 1864 nec
354 1828 388 1862 S
409 1832 464 1863 22.
483 1832 513 1862 ϋ.
589 1829 593 1870 Ι

166 1880 326 1922 posteaq.
361 1875 532 1922 geborig.
569 1878 572 1918 Ι
620 1875 695 1910 vix.
725 1874 894 1911 S'‚32.21.

170 1929 201 1960 8.
262 1925 354 1959 brev.
392 1924 426 1959 S.
443 1928 474 1959 9.
491 1928 524 1958 3.
592 1927 595 1966 Ι
662 1927 694 1957 9.
748 1928 933 1959 comment

170 1974 248 2008 Att.
272 1970 355 2007 XVI
375 1976 467 2008 11.4
504 1969 561 2006 Τὰ
594 1970 681 2014 περὶ
715 1973 781 2006 τοῦ
809 1969 934 2016 καθή-

171 2034 314 2062 κοντος,
323 2020 717 2066 quatenusPanaetius
726 2021 738 2063 (
747 2021 933 2065 scripsit),

170 2070 311 2105 absolvi
337 2070 480 2104 duobus
502 2069 662 2113 (libris).
717 2069 833 2103 Illius
859 2073 930 2105 tres

170 2121 276 2161 sunt,·
287 2117 348 2153 sed
360 2128 440 2152 cum
455 2118 566 2152 initio
577 2116 760 2151 divisisset
776 2117 840 2159 ita,
855 2118 931 2152 tria

170 2177 304 2211 [Jenera
324 2165 544 2210 exquirendi
564 2165 682 2208 officii
702 2175 785 2207 esse,
805 2177 932 2208 imum,

172 2225 254 2249 cum
273 2214 527 2256 deliberemus,
547 2213 737 2248 honestum
757 2224 808 2248 αη
826 2217 933 2258 turpe

171 2263 238 2304 sit,
273 2262 446 2303 alterum,
481 2261 571 2296 utile
602 2272 653 2295 αη
686 2261 837 2304 inutile,
864 2265 932 2297 ter-

173 2311 283 2352 tium,
322 2321 403 2344 cum
441 2309 530 2344 haec
564 2310 660 2344 inter
695 2319 731 2343 se
760 2320 933 2354 puynare

172 2359 392 2401 videantur,
431 2368 502 2402 quo
545 2357 650 2392 modo
691 2356 934 2392 iudicandum

173 2408 239 2448 sit,
265 2407 308 2442 cle
333 2406 477 2441 (luobus
494 2405 630 2450 primis
646 2405 841 2449 praeclare
860 2405 935 2440 clis-

173 2455 308 2497 serui't,
335 2454 377 2489 de
404 2455 510 2488 tertio
539 2453 739 2497 pollicetur
764 2462 799 2487 se
831 2453 933 2488 dein-

174 2513 272 2547 ceps,
298 2502 359 2537 secl
379 2502 476 2536 nihil
494 2501 654 2545 scripsit.
694 2500 797 2535 Eum
817 2501 935 2536 locum

173 2550 399 2586 Posidonius
408 2553 622 2594 persecutus
632 2551 693 2584 est.
714 2548 798 2593 Eyo
813 2552 934 2584 autem

173 2602 205 2634 et
231 2599 309 2633 eius
336 2598 472 2632 librum
498 2597 671 2632 arcessivi
696 2599 730 2631 et
754 2596 804 2631 ad
823 2597 934 2632 Athe-

173 2647 355 2682 ‘nodorum
384 2645 537 2681 Calvum
562 2645 714 2690 scripsi,
740 2648 783 2679 ut
808 2645 858 2679 ad
880 2655 934 2680 me

174 2692 219 2729 τὰ
242 2690 436 2738 κεφάλαια
456 2694 634 2735 mitteret;
659 2703 753 2738 quae
767 2696 934 2737 πρεπω-

174 2753 278 2788 quem
310 2742 416 2778 zelim
453 2742 634 2777 cohortere
668 2744 702 2776 et
737 2751 858 2786 royes,
892 2743 935 2775 ut

174 2791 468 2836 quamprimum.
486 2790 538 2824 In
550 2799 589 2824 eo
599 2788 745 2832 estnspz
755 2788 823 2824 τοῦ
834 2785 934 2823 κατὰ

176 2839 395 2881 περίστασιν
427 2834 672 2880 καθήκοντος
707 2836 764 2881 (S.
784 2840 863 2872 153.
879 2838 933 2881 8).

176 2885 229 2920 Ib.
248 2890 302 2922 14.
318 2890 340 2920 4
360 2885 637 2920 Athenodorum
651 2885 748 2920 nihil
768 2888 819 2920 est
837 2884 935 2940 quod

175 2935 335 2977 hortere‚·
361 2934 461 2968 misit
481 2934 576 2969 enim
589 2934 681 2968 satis
695 2931 860 2969 bellum
842 2929 935 2968 υπό-

671 1830 701 1861 6.
743 1829 855 1862 cmnis
889 1840 934 1862 zu

1010 1793 1148 1826 μνημα.
1200 1779 1289 1815 Dies
1322 1780 1456 1816 bellum
1482 1775 1693 1825 ὑπόμνημα
1718 1779 1770 1814 ist

1011 1828 1106 1863 ohne
1135 1827 1290 1863 Zweifel
1314 1827 1421 1863 nicht
1446 1827 1507 1863 die
1535 1826 1677 1862 Schrift
1702 1826 1769 1862 des

1010 1876 1131 1911 Posid.
1145 1905 1153 1920 ‚
1179 1876 1339 1912 sondern
1360 1874 1427 1911 der
1447 1874 1617 1921 Auszug,
1637 1871 1684 1910 τὰ
1705 1887 1768 1910 κε-

1009 1922 1177 1967 φάλαια,
1209 1924 1282 1960 den
1308 1922 1383 1959 Cic.
1418 1923 1500 1959 sich
1531 1933 1606 1959 von
1631 1922 1769 1959 Athen.

1008 1972 1068 2007 fur
1088 1973 1166 2008 sein
1187 1972 1320 2008 dritten
1340 1971 1447 2007 Buch
1466 1971 1628 2007 macheu
1647 1970 1743 2007 liese.
1761 1971 1766 2017 Ι

1001 2031 1127 2069 praes
1155 2032 1236 2056 cum
1263 2019 1330 2056 anf
1359 2020 1453 2055 brev.
1488 2030 1561 2056 esse
1591 2021 1678 2055 tact.
1706 2018 1769 2054 be·

1006 2080 1124 2114 zogen
1139 2068 1409 2113 konzessiv(S.
1421 2071 1501 2104 120.
1511 2069 1567 2113 3),
1579 2066 1647 2103 auf
1655 2077 1771 2104 miror

1007 2117 1149 2152 kausal
1199 2119 1202 2161 1
1264 2121 1316 2151 11.
1357 2127 1436 2162 neq.
1452 2137 1498 2142 —
1518 2115 1581 2152 sed
1600 2115 1770 2160 (dicunt)

1008 2165 1042 2200 S.
1062 2169 1118 2200 64.
1137 2169 1206 2208 25;
1253 2168 1410 2201 163.2.·
1431 2166 1435 2209 Ι
1491 2168 1547 2200 13.
1603 2163 1664 2199 De
1699 2174 1771 2209 quo

1009 2213 1043 2248 S.
1060 2217 1116 2248 33.
1135 2217 1179 2248 10
1199 2213 1270 2248 wie
1289 2214 1332 2247 in
1350 2223 1422 2258 quo
1443 2211 1478 2248 S.
1494 2216 1552 2248 41.
1568 2215 1600 2247 6.
1638 2212 1642 2256 Ι
1683 2211 1769 2247 hab.

1008 2261 1179 2298 S.26.13.
1205 2263 1210 2305 Ι
1236 2265 1289 2296 17.
1323 2261 1429 2296 divis.
1451 2261 1538 2306 trip.
1568 2258 1737 2294 S.13.10.
1764 2259 1767 2304 l

1010 2311 1076 2354 qui
1101 2310 1314 2353 absolverit,
1337 2308 1473 2352 ‘einer,
1494 2307 1589 2349 der'.
1611 2306 1647 2342 S.
1662 2310 1719 2343 47.
1736 2311 1770 2350 3,

1012 2361 1134 2392 140.2.
1172 2374 1176 2402 ῃ
1212 2360 1269 2392 20.
1301 2357 1411 2392 etiam
1435 2355 1563 2392 S.123.
1578 2358 1636 2391 24.
1669 2357 1675 2399 Ι
1709 2359 1767 2391 24.

1008 2406 1153 2441 imitari
1169 2404 1315 2450 aliquid
1335 2403 1451 2440 heirst
1469 2403 1578 2439 nicht
1591 2402 1693 2439 blors
1707 2403 1769 2439 ein

1008 2452 1168 2489 Vorbild
1189 2451 1472 2497 ‘nachahmen',
1493 2451 1654 2488 condem
1673 2450 1771 2487 auch

1011 2501 1221 2537 ‘erreichen
1253 2500 1310 2545 (S.
1323 2501 1472 2546 141.8)‚
1511 2498 1772 2536 vollkommen

1008 2549 1149 2595 richtig
1157 2548 1392 2592 darstellen'3
1405 2559 1457 2584 or.
1467 2550 1666 2584 astantum
1671 2547 1771 2593 quis-

1007 2609 1076 2643 que
1097 2597 1246 2641 laudat,
1266 2599 1448 2642 quamtum
1465 2607 1503 2632 se
1515 2605 1623 2642 posse
1646 2597 1772 2640 sperat

1008 2646 1163 2689 imitari,
1187 2649 1232 2681 74
1257 2645 1434 2690 quoniam
1457 2654 1639 2680 summum
1662 2643 1771 2679 illum

1009 2694 1147 2728 luctum
1170 2693 1346 2738 penicillo
1365 2703 1444 2728 non
1462 2694 1587 2738 posset
1611 2691 1768 2734 imitari,

1010 2745 1054 2777 76
1081 2742 1278 2777 imitabilis
1306 2739 1567 2776 ‘erreichbarQ
1600 2740 1605 2784 Ι
1641 2741 1698 2774 25.
1737 2741 1772 2774 et

1007 2800 1084 2825 non
1116 2790 1214 2834 perf.
1247 2788 1299 2824 ist
1328 2788 1436 2824 nicht
1465 2799 1538 2824 nm·
1567 2786 1630 2822 ein
1659 2786 1770 2822 fiber-

1008 2837 1200 2882 flussiger,
1245 2836 1409 2872 sondern
1451 2835 1552 2872 auch
1598 2833 1660 2870 ein
1700 2845 1770 2869 un-

1008 2885 1199 2931 logischer
1230 2884 1373 2920 Zusatz.
1430 2881 1654 2929 Dasjenige,
1690 2893 1769 2918 was

1008 2931 1100 2968 Pan.
1133 2931 1388 2978 fortgelassen
1417 2931 1502 2975 hat,
1533 2930 1603 2966 hat
1635 2941 1676 2966 er
1700 2940 1770 2975 gar

1788 458 1805 485 5

1105 747 1285 789 Minime
1318 762 1419 791 vero
1453 748 1668 791 assentior
1700 749 1766 801 iis,
1789 758 1824 786 1⁰

1790 1657 1825 1686 25

1837 0 1875 203 ι
