<?xml version="1.0" encoding="UTF-8"?>
<!DOCTYPE html PUBLIC "-//W3C//DTD XHTML 1.0 Transitional//EN"
    "http://www.w3.org/TR/xhtml1/DTD/xhtml1-transitional.dtd">
<html xmlns="http://www.w3.org/1999/xhtml" xml:lang="en" lang="en">
 <head>
  <title>
</title>
<meta http-equiv="Content-Type" content="text/html;charset=utf-8" />
  <meta name='ocr-system' content='tesseract 3.04.00' />
  <meta name='ocr-capabilities' content='ocr_page ocr_carea ocr_par ocr_line ocrx_word'/>
</head>
<body>
  <div class='ocr_page' id='page_1' title='image "./deofficiislibrii00ciceuoft_0261.png"; bbox 0 0 1891 3213; ppageno 0'>
   <div class='ocr_carea' id='block_1_1' title="bbox 485 65 1270 113">
    <p class='ocr_par' dir='ltr' id='par_1_1' title="bbox 485 65 1270 113">
     <span class='ocr_line' id='line_1_1' title="bbox 485 65 1270 113; baseline 0.008 -10"><span class='ocrx_word' id='word_1_1' title='bbox 485 65 633 103; x_wconf 88' lang='lat' dir='ltr'>LIBER</span> <span class='ocrx_word' id='word_1_2' title='bbox 658 67 702 103; x_wconf 90' lang='grc' dir='ltr'>Π.</span> <span class='ocrx_word' id='word_1_3' title='bbox 755 67 858 103; x_wconf 86' lang='lat' dir='ltr'>CAP.</span> <span class='ocrx_word' id='word_1_4' title='bbox 888 73 942 113; x_wconf 89' lang='grc'>19,</span> <span class='ocrx_word' id='word_1_5' title='bbox 970 74 1026 107; x_wconf 81' lang='grc'>20,</span> <span class='ocrx_word' id='word_1_6' title='bbox 1080 74 1270 113; x_wconf 75' lang='lat'>§67—70.</span> 
     </span>
    </p>
   </div>
   <div class='ocr_carea' id='block_1_2' title="bbox 185 119 245 143">
    <p class='ocr_par' dir='ltr' id='par_1_2' title="bbox 185 119 245 143">
     <span class='ocr_line' id='line_1_2' title="bbox 185 119 245 143; baseline 0.017 -1"><span class='ocrx_word' id='word_1_7' title='bbox 185 119 245 143; x_wconf 38' lang='grc' dir='ltr'>.ἃ-</span> 
     </span>
    </p>
   </div>
   <div class='ocr_carea' id='block_1_3' title="bbox 174 167 1744 260">
    <p class='ocr_par' dir='ltr' id='par_1_3' title="bbox 174 162 1744 260">
     <span class='ocr_line' id='line_1_3' title="bbox 174 167 1744 260; baseline 0.007 -40"><span class='ocrx_word' id='word_1_8' title='bbox 174 173 180 228; x_wconf 73' lang='lat' dir='ltr'>‚f</span> <span class='ocrx_word' id='word_1_9' title='bbox 202 176 286 220; x_wconf 88' lang='lat' dir='ltr'>Sed</span> <span class='ocrx_word' id='word_1_10' title='bbox 324 191 421 220; x_wconf 88' lang='lat' dir='ltr'>eum</span> <span class='ocrx_word' id='word_1_11' title='bbox 465 177 511 218; x_wconf 93' lang='lat' dir='ltr'>in</span> <span class='ocrx_word' id='word_1_12' title='bbox 554 175 805 218; x_wconf 78' lang='lat' dir='ltr'>hominibus</span> <span class='ocrx_word' id='word_1_13' title='bbox 844 177 1043 221; x_wconf 83' lang='lat' dir='ltr'>iuvandis</span> <span class='ocrx_word' id='word_1_14' title='bbox 1083 184 1156 223; x_wconf 85' lang='lat' dir='ltr'>aut</span> <span class='ocrx_word' id='word_1_15' title='bbox 1195 197 1334 226; x_wconf 87' lang='lat' dir='ltr'>mores</span> <span class='ocrx_word' id='word_1_16' title='bbox 1373 188 1563 239; x_wconf 87' lang='lat' dir='ltr'>spectari</span> <span class='ocrx_word' id='word_1_17' title='bbox 1596 167 1744 260; x_wconf 44' lang='lat' dir='ltr'>auti?</span> 
     </span>
    </p>
   </div>
   <div class='ocr_carea' id='block_1_4' title="bbox 1586 77 1669 119">
    <p class='ocr_par' dir='ltr' id='par_1_4' title="bbox 1586 77 1669 119">
     <span class='ocr_line' id='line_1_4' title="bbox 1586 77 1669 119; baseline 0 0"><span class='ocrx_word' id='word_1_18' title='bbox 1586 77 1669 119; x_wconf 80' lang='lat'>127</span> 
     </span>
    </p>
   </div>
   <div class='ocr_carea' id='block_1_5' title="bbox 79 235 1705 422">
    <p class='ocr_par' dir='ltr' id='par_1_5' title="bbox 79 235 1705 422">
     <span class='ocr_line' id='line_1_5' title="bbox 81 235 1705 303; baseline 0.006 -22"><span class='ocrx_word' id='word_1_19' title='bbox 81 238 258 281; x_wconf 89' lang='lat' dir='ltr'>fortuna</span> <span class='ocrx_word' id='word_1_20' title='bbox 290 237 440 291; x_wconf 86' lang='lat' dir='ltr'>soleat,</span> <span class='ocrx_word' id='word_1_21' title='bbox 472 236 589 279; x_wconf 87' lang='lat' dir='ltr'>dictu</span> <span class='ocrx_word' id='word_1_22' title='bbox 621 235 796 290; x_wconf 88' lang='lat' dir='ltr'>quidem</span> <span class='ocrx_word' id='word_1_23' title='bbox 829 241 896 280; x_wconf 90' lang='lat' dir='ltr'>est</span> <span class='ocrx_word' id='word_1_24' title='bbox 920 240 1123 296; x_wconf 86' lang='lat' dir='ltr'>proclive,</span> <span class='ocrx_word' id='word_1_25' title='bbox 1156 242 1303 298; x_wconf 87' lang='lat' dir='ltr'>itaque</span> <span class='ocrx_word' id='word_1_26' title='bbox 1330 245 1460 301; x_wconf 82' lang='lat' dir='ltr'>volgo</span> <span class='ocrx_word' id='word_1_27' title='bbox 1486 237 1705 303; x_wconf 61' lang='grc' dir='ltr'>1011111111-ο</span> 
     </span>
     <span class='ocr_line' id='line_1_6' title="bbox 79 295 1669 358; baseline 0.006 -18"><span class='ocrx_word' id='word_1_28' title='bbox 79 300 163 352; x_wconf 88' lang='lat' dir='ltr'>tur,</span> <span class='ocrx_word' id='word_1_29' title='bbox 195 311 240 339; x_wconf 87' lang='lat' dir='ltr'>se</span> <span class='ocrx_word' id='word_1_30' title='bbox 271 296 318 338; x_wconf 91' lang='lat' dir='ltr'>in</span> <span class='ocrx_word' id='word_1_31' title='bbox 348 295 566 338; x_wconf 88' lang='lat' dir='ltr'>benefieiis</span> <span class='ocrx_word' id='word_1_32' title='bbox 594 295 860 339; x_wconf 78' lang='lat' dir='ltr'>collocandis</span> <span class='ocrx_word' id='word_1_33' title='bbox 887 312 1030 341; x_wconf 89' lang='lat' dir='ltr'>mores</span> <span class='ocrx_word' id='word_1_34' title='bbox 1058 299 1296 358; x_wconf 90' lang='lat' dir='ltr'>hominum,</span> <span class='ocrx_word' id='word_1_35' title='bbox 1328 319 1420 346; x_wconf 91' lang='lat' dir='ltr'>non</span> <span class='ocrx_word' id='word_1_36' title='bbox 1446 306 1669 350; x_wconf 83' lang='lat' dir='ltr'>fortunam</span> 
     </span>
     <span class='ocr_line' id='line_1_7' title="bbox 81 355 1669 422; baseline 0.007 -22"><span class='ocrx_word' id='word_1_37' title='bbox 81 356 212 413; x_wconf 87' lang='lat' dir='ltr'>sequi.</span> <span class='ocrx_word' id='word_1_38' title='bbox 272 355 472 398; x_wconf 76' lang='lat' dir='ltr'><strong>Honesta</strong></span> <span class='ocrx_word' id='word_1_39' title='bbox 504 355 645 398; x_wconf 86' lang='lat' dir='ltr'>oratio</span> <span class='ocrx_word' id='word_1_40' title='bbox 679 357 762 410; x_wconf 81' lang='lat' dir='ltr'>est3</span> <span class='ocrx_word' id='word_1_41' title='bbox 796 356 871 398; x_wconf 88' lang='lat' dir='ltr'>sed</span> <span class='ocrx_word' id='word_1_42' title='bbox 905 359 1000 413; x_wconf 90' lang='lat' dir='ltr'>quis</span> <span class='ocrx_word' id='word_1_43' title='bbox 1034 362 1100 402; x_wconf 89' lang='lat' dir='ltr'>est</span> <span class='ocrx_word' id='word_1_44' title='bbox 1132 361 1322 416; x_wconf 86' lang='lat' dir='ltr'>tandem,</span> <span class='ocrx_word' id='word_1_45' title='bbox 1356 366 1428 420; x_wconf 89' lang='lat' dir='ltr'>qui</span> <span class='ocrx_word' id='word_1_46' title='bbox 1454 366 1598 422; x_wconf 89' lang='lat' dir='ltr'>inopis</span> <span class='ocrx_word' id='word_1_47' title='bbox 1627 372 1669 410; x_wconf 88' lang='lat' dir='ltr'>et</span> 
     </span>
    </p>
   </div>
   <div class='ocr_carea' id='block_1_6' title="bbox 44 415 1433 476">
    <p class='ocr_par' dir='ltr' id='par_1_6' title="bbox 44 415 1433 476">
     <span class='ocr_line' id='line_1_8' title="bbox 44 415 1433 476; baseline 0.005 -17"><span class='ocrx_word' id='word_1_48' title='bbox 44 416 237 472; x_wconf 85' lang='lat' dir='ltr'>5optimi</span> <span class='ocrx_word' id='word_1_49' title='bbox 273 415 356 457; x_wconf 83' lang='lat' dir='ltr'>viri</span> <span class='ocrx_word' id='word_1_50' title='bbox 399 430 555 457; x_wconf 86' lang='lat' dir='ltr'>causae</span> <span class='ocrx_word' id='word_1_51' title='bbox 600 430 690 458; x_wconf 89' lang='lat' dir='ltr'>non</span> <span class='ocrx_word' id='word_1_52' title='bbox 736 419 978 471; x_wconf 85' lang='lat' dir='ltr'>anteponat</span> <span class='ocrx_word' id='word_1_53' title='bbox 1021 419 1068 460; x_wconf 86' lang='lat' dir='ltr'>in</span> <span class='ocrx_word' id='word_1_54' title='bbox 1114 434 1246 476; x_wconf 86' lang='lat' dir='ltr'>opera</span> <span class='ocrx_word' id='word_1_55' title='bbox 1291 423 1433 466; x_wconf 85' lang='lat' dir='ltr'>danda</span> 
     </span>
    </p>
   </div>
   <div class='ocr_carea' id='block_1_7' title="bbox 1478 427 1668 481">
    <p class='ocr_par' dir='ltr' id='par_1_7' title="bbox 1478 427 1668 481">
     <span class='ocr_line' id='line_1_9' title="bbox 1478 427 1668 481; baseline 0.021 -14"><span class='ocrx_word' id='word_1_56' title='bbox 1478 427 1668 481; x_wconf 75' lang='lat' dir='ltr'>gratiam</span> 
     </span>
    </p>
   </div>
   <div class='ocr_carea' id='block_1_8' title="bbox 22 475 1668 902">
    <p class='ocr_par' dir='ltr' id='par_1_8' title="bbox 22 475 1668 902">
     <span class='ocr_line' id='line_1_10' title="bbox 80 475 1668 533; baseline 0.007 -14"><span class='ocrx_word' id='word_1_57' title='bbox 80 475 291 519; x_wconf 84' lang='lat' dir='ltr'>fortunati</span> <span class='ocrx_word' id='word_1_58' title='bbox 311 477 355 516; x_wconf 90' lang='lat' dir='ltr'>et</span> <span class='ocrx_word' id='word_1_59' title='bbox 372 475 597 530; x_wconf 82' lang='lat' dir='ltr'>potentis?</span> <span class='ocrx_word' id='word_1_60' title='bbox 632 491 658 517; x_wconf 89' lang='lat' dir='ltr'>a</span> <span class='ocrx_word' id='word_1_61' title='bbox 685 490 769 530; x_wconf 88' lang='lat' dir='ltr'>quo</span> <span class='ocrx_word' id='word_1_62' title='bbox 798 477 914 518; x_wconf 89' lang='lat' dir='ltr'>enim</span> <span class='ocrx_word' id='word_1_63' title='bbox 942 479 1182 533; x_wconf 78' lang='lat' dir='ltr'>expeditior</span> <span class='ocrx_word' id='word_1_64' title='bbox 1209 484 1251 523; x_wconf 86' lang='lat' dir='ltr'>et</span> <span class='ocrx_word' id='word_1_65' title='bbox 1271 483 1454 526; x_wconf 87' lang='lat' dir='ltr'>celerior</span> <span class='ocrx_word' id='word_1_66' title='bbox 1474 500 1668 530; x_wconf 88' lang='lat' dir='ltr'>remune-</span> 
     </span>
     <span class='ocr_line' id='line_1_11' title="bbox 79 534 1667 600; baseline 0.008 -22"><span class='ocrx_word' id='word_1_67' title='bbox 79 535 192 578; x_wconf 92' lang='lat' dir='ltr'>ratio</span> <span class='ocrx_word' id='word_1_68' title='bbox 223 534 316 577; x_wconf 86' lang='lat' dir='ltr'>fore</span> <span class='ocrx_word' id='word_1_69' title='bbox 348 534 531 590; x_wconf 85' lang='lat' dir='ltr'>videtur,</span> <span class='ocrx_word' id='word_1_70' title='bbox 563 536 610 577; x_wconf 87' lang='lat' dir='ltr'>in</span> <span class='ocrx_word' id='word_1_71' title='bbox 642 550 741 577; x_wconf 89' lang='lat' dir='ltr'>eum</span> <span class='ocrx_word' id='word_1_72' title='bbox 773 535 861 578; x_wconf 88' lang='lat' dir='ltr'>fere</span> <span class='ocrx_word' id='word_1_73' title='bbox 890 541 957 579; x_wconf 89' lang='lat' dir='ltr'>est</span> <span class='ocrx_word' id='word_1_74' title='bbox 983 539 1188 582; x_wconf 86' lang='lat' dir='ltr'>voluntas</span> <span class='ocrx_word' id='word_1_75' title='bbox 1214 545 1368 585; x_wconf 87' lang='lat' dir='ltr'>nostra</span> <span class='ocrx_word' id='word_1_76' title='bbox 1396 547 1667 600; x_wconf 80' lang='lat' dir='ltr'>propensior.</span> 
     </span>
     <span class='ocr_line' id='line_1_12' title="bbox 79 593 1667 654; baseline 0.008 -17"><span class='ocrx_word' id='word_1_77' title='bbox 79 593 163 637; x_wconf 87' lang='lat' dir='ltr'>Sed</span> <span class='ocrx_word' id='word_1_78' title='bbox 194 593 630 637; x_wconf 86' lang='lat' dir='ltr'>animadvertendum</span> <span class='ocrx_word' id='word_1_79' title='bbox 663 598 730 637; x_wconf 89' lang='lat' dir='ltr'>est</span> <span class='ocrx_word' id='word_1_80' title='bbox 763 595 1037 653; x_wconf 84' lang='lat' dir='ltr'>diligentius,</span> <span class='ocrx_word' id='word_1_81' title='bbox 1077 613 1187 654; x_wconf 88' lang='lat' dir='ltr'>quae</span> <span class='ocrx_word' id='word_1_82' title='bbox 1225 604 1384 644; x_wconf 86' lang='lat' dir='ltr'>natura</span> <span class='ocrx_word' id='word_1_83' title='bbox 1421 619 1566 648; x_wconf 87' lang='lat' dir='ltr'>rerum</span> <span class='ocrx_word' id='word_1_84' title='bbox 1600 608 1667 649; x_wconf 84' lang='lat' dir='ltr'>sit.</span> 
     </span>
     <span class='ocr_line' id='line_1_13' title="bbox 75 652 1666 716; baseline 0.009 -21"><span class='ocrx_word' id='word_1_85' title='bbox 75 652 293 696; x_wconf 88' lang='lat' dir='ltr'>Nimirum</span> <span class='ocrx_word' id='word_1_86' title='bbox 333 654 450 696; x_wconf 90' lang='lat' dir='ltr'>enim</span> <span class='ocrx_word' id='word_1_87' title='bbox 488 655 616 710; x_wconf 91' lang='lat' dir='ltr'>inops</span> <span class='ocrx_word' id='word_1_88' title='bbox 654 655 748 710; x_wconf 88' lang='lat' dir='ltr'>ille,</span> <span class='ocrx_word' id='word_1_89' title='bbox 794 656 830 698; x_wconf 91' lang='lat' dir='ltr'>si</span> <span class='ocrx_word' id='word_1_90' title='bbox 876 656 1016 700; x_wconf 90' lang='lat' dir='ltr'>bonus</span> <span class='ocrx_word' id='word_1_91' title='bbox 1063 665 1128 701; x_wconf 89' lang='lat' dir='ltr'>est</span> <span class='ocrx_word' id='word_1_92' title='bbox 1159 661 1244 716; x_wconf 84' lang='lat' dir='ltr'>vir,</span> <span class='ocrx_word' id='word_1_93' title='bbox 1291 663 1462 706; x_wconf 88' lang='lat' dir='ltr'>etiamsi</span> <span class='ocrx_word' id='word_1_94' title='bbox 1506 665 1666 709; x_wconf 88' lang='lat' dir='ltr'>referre</span> 
     </span>
     <span class='ocr_line' id='line_1_14' title="bbox 22 712 1666 781; baseline 0.009 -27"><span class='ocrx_word' id='word_1_95' title='bbox 22 731 57 758; x_wconf 77' lang='grc' dir='ltr'>ιο</span> <span class='ocrx_word' id='word_1_96' title='bbox 75 712 263 770; x_wconf 76' lang='lat' dir='ltr'>gratiam</span> <span class='ocrx_word' id='word_1_97' title='bbox 305 728 397 757; x_wconf 90' lang='lat' dir='ltr'>non</span> <span class='ocrx_word' id='word_1_98' title='bbox 439 717 602 770; x_wconf 87' lang='lat' dir='ltr'>potest,</span> <span class='ocrx_word' id='word_1_99' title='bbox 646 714 810 757; x_wconf 88' lang='lat' dir='ltr'>habere</span> <span class='ocrx_word' id='word_1_100' title='bbox 850 719 965 759; x_wconf 88' lang='lat' dir='ltr'>certe</span> <span class='ocrx_word' id='word_1_101' title='bbox 1003 721 1162 773; x_wconf 84' lang='lat' dir='ltr'>potest.</span> <span class='ocrx_word' id='word_1_102' title='bbox 1225 719 1462 766; x_wconf 86' lang='lat' dir='ltr'>Commode</span> <span class='ocrx_word' id='word_1_103' title='bbox 1507 730 1666 781; x_wconf 85' lang='lat' dir='ltr'>autem,</span> 
     </span>
     <span class='ocr_line' id='line_1_15' title="bbox 74 773 1664 841; baseline 0.009 -27"><span class='ocrx_word' id='word_1_104' title='bbox 74 773 333 829; x_wconf 80' lang='lat' dir='ltr'>quicumque</span> <span class='ocrx_word' id='word_1_105' title='bbox 365 773 486 829; x_wconf 84' lang='lat' dir='ltr'>dixit,</span> <span class='ocrx_word' id='word_1_106' title='bbox 532 774 825 830; x_wconf 75' lang='lat' dir='ltr'>‘pecuniam</span> <span class='ocrx_word' id='word_1_107' title='bbox 859 777 944 832; x_wconf 92' lang='lat' dir='ltr'>qui</span> <span class='ocrx_word' id='word_1_108' title='bbox 977 777 1186 834; x_wconf 87' lang='lat' dir='ltr'>habeat,</span> <span class='ocrx_word' id='word_1_109' title='bbox 1218 795 1321 824; x_wconf 93' lang='lat' dir='ltr'>non</span> <span class='ocrx_word' id='word_1_110' title='bbox 1353 784 1664 841; x_wconf 83' lang='lat' dir='ltr'>reddidisse,</span> 
     </span>
     <span class='ocr_line' id='line_1_16' title="bbox 73 832 1664 902; baseline 0.009 -28"><span class='ocrx_word' id='word_1_111' title='bbox 73 832 161 888; x_wconf 94' lang='lat' dir='ltr'>qui</span> <span class='ocrx_word' id='word_1_112' title='bbox 205 833 514 888; x_wconf 74' lang='lat' dir='ltr'>reddiderit,</span> <span class='ocrx_word' id='word_1_113' title='bbox 564 849 666 877; x_wconf 90' lang='lat' dir='ltr'>non</span> <span class='ocrx_word' id='word_1_114' title='bbox 711 835 922 891; x_wconf 88' lang='lat' dir='ltr'>habere,</span> <span class='ocrx_word' id='word_1_115' title='bbox 969 839 1199 893; x_wconf 77' lang='lat' dir='ltr'>gratiam</span> <span class='ocrx_word' id='word_1_116' title='bbox 1246 846 1417 885; x_wconf 88' lang='lat' dir='ltr'>autem</span> <span class='ocrx_word' id='word_1_117' title='bbox 1464 848 1531 899; x_wconf 93' lang='lat' dir='ltr'>et,</span> <span class='ocrx_word' id='word_1_118' title='bbox 1578 848 1664 902; x_wconf 87' lang='lat' dir='ltr'>qui</span> 
     </span>
    </p>
   </div>
   <div class='ocr_carea' id='block_1_9' title="bbox 71 893 1432 952">
    <p class='ocr_par' dir='ltr' id='par_1_9' title="bbox 71 893 1432 952">
     <span class='ocr_line' id='line_1_17' title="bbox 71 893 1432 952; baseline 0.009 -19"><span class='ocrx_word' id='word_1_119' title='bbox 71 893 362 948; x_wconf 88' lang='lat' dir='ltr'>rettulerit,</span> <span class='ocrx_word' id='word_1_120' title='bbox 406 893 599 936; x_wconf 87' lang='lat' dir='ltr'>habere</span> <span class='ocrx_word' id='word_1_121' title='bbox 632 898 700 950; x_wconf 83' lang='lat' dir='ltr'>et,</span> <span class='ocrx_word' id='word_1_122' title='bbox 746 896 833 950; x_wconf 90' lang='lat' dir='ltr'>qui</span> <span class='ocrx_word' id='word_1_123' title='bbox 865 895 1072 952; x_wconf 83' lang='lat' dir='ltr'>habeat,</span> <span class='ocrx_word' id='word_1_124' title='bbox 1117 902 1432 945; x_wconf 63' lang='lat' dir='ltr'>rettulisse?</span> 
     </span>
    </p>
   </div>
   <div class='ocr_carea' id='block_1_10' title="bbox 1495 905 1664 961">
    <p class='ocr_par' dir='ltr' id='par_1_10' title="bbox 1495 905 1664 961">
     <span class='ocr_line' id='line_1_18' title="bbox 1495 905 1664 961; baseline 0.012 -15"><span class='ocrx_word' id='word_1_125' title='bbox 1495 905 1555 947; x_wconf 87' lang='lat' dir='ltr'>At</span> <span class='ocrx_word' id='word_1_126' title='bbox 1590 907 1664 961; x_wconf 88' lang='lat' dir='ltr'>qui</span> 
     </span>
    </p>
   </div>
   <div class='ocr_carea' id='block_1_11' title="bbox 72 952 1663 1020">
    <p class='ocr_par' dir='ltr' id='par_1_11' title="bbox 72 952 1663 1020">
     <span class='ocr_line' id='line_1_19' title="bbox 72 952 1663 1020; baseline 0.009 -27"><span class='ocrx_word' id='word_1_127' title='bbox 72 965 118 993; x_wconf 83' lang='lat' dir='ltr'>se</span> <span class='ocrx_word' id='word_1_128' title='bbox 149 952 402 1008; x_wconf 74' lang='lat' dir='ltr'>locupletes,</span> <span class='ocrx_word' id='word_1_129' title='bbox 434 953 688 1009; x_wconf 87' lang='lat' dir='ltr'>honoratos,</span> <span class='ocrx_word' id='word_1_130' title='bbox 720 955 873 998; x_wconf 85' lang='lat' dir='ltr'>beatos</span> <span class='ocrx_word' id='word_1_131' title='bbox 907 960 1084 1011; x_wconf 85' lang='lat' dir='ltr'>putant,</span> <span class='ocrx_word' id='word_1_132' title='bbox 1115 959 1145 1000; x_wconf 90' lang='lat' dir='ltr'>ii</span> <span class='ocrx_word' id='word_1_133' title='bbox 1178 975 1232 1002; x_wconf 89' lang='lat' dir='ltr'>ne</span> <span class='ocrx_word' id='word_1_134' title='bbox 1267 962 1453 1018; x_wconf 79' lang='lat' dir='ltr'>obligari</span> <span class='ocrx_word' id='word_1_135' title='bbox 1487 965 1663 1020; x_wconf 88' lang='lat' dir='ltr'>quidem</span> 
     </span>
    </p>
   </div>
   <div class='ocr_carea' id='block_1_12' title="bbox 16 1010 1651 1069">
    <p class='ocr_par' dir='ltr' id='par_1_12' title="bbox 16 1010 1651 1069">
     <span class='ocr_line' id='line_1_20' title="bbox 16 1010 1651 1069; baseline 0.01 -17"><span class='ocrx_word' id='word_1_136' title='bbox 16 1029 52 1056; x_wconf 83' lang='lat'>15</span> <span class='ocrx_word' id='word_1_137' title='bbox 70 1010 280 1054; x_wconf 88' lang='lat' dir='ltr'>beneficio</span> <span class='ocrx_word' id='word_1_138' title='bbox 313 1013 486 1069; x_wconf 83' lang='lat' dir='ltr'>volunt-3</span> <span class='ocrx_word' id='word_1_139' title='bbox 519 1014 623 1069; x_wconf 90' lang='lat' dir='ltr'>quin</span> <span class='ocrx_word' id='word_1_140' title='bbox 657 1015 788 1056; x_wconf 86' lang='lat' dir='ltr'>etiam</span> <span class='ocrx_word' id='word_1_141' title='bbox 822 1016 1078 1059; x_wconf 87' lang='lat' dir='ltr'>beneficium</span> <span class='ocrx_word' id='word_1_142' title='bbox 1106 1033 1150 1060; x_wconf 90' lang='lat' dir='ltr'>se</span> <span class='ocrx_word' id='word_1_143' title='bbox 1178 1019 1344 1063; x_wconf 85' lang='lat' dir='ltr'>dedisse</span> <span class='ocrx_word' id='word_1_144' title='bbox 1379 1023 1651 1068; x_wconf 87' lang='lat' dir='ltr'>arbitrantur</span> 
     </span>
    </p>
   </div>
   <div class='ocr_carea' id='block_1_13' title="bbox 1653 1061 1663 1081">
    <p class='ocr_par' dir='ltr' id='par_1_13' title="bbox 1653 1061 1663 1081">
     <span class='ocr_line' id='line_1_21' title="bbox 1653 1061 1663 1081; baseline 0 0"><span class='ocrx_word' id='word_1_145' title='bbox 1653 1061 1663 1081; x_wconf 79' lang='lat'>7</span> 
     </span>
    </p>
   </div>
   <div class='ocr_carea' id='block_1_14' title="bbox 68 1071 1662 1319">
    <p class='ocr_par' dir='ltr' id='par_1_14' title="bbox 68 1071 1662 1319">
     <span class='ocr_line' id='line_1_22' title="bbox 70 1071 1662 1138; baseline 0.01 -26"><span class='ocrx_word' id='word_1_146' title='bbox 70 1085 167 1113; x_wconf 92' lang='lat' dir='ltr'>cum</span> <span class='ocrx_word' id='word_1_147' title='bbox 199 1071 285 1127; x_wconf 90' lang='lat' dir='ltr'>ipsi</span> <span class='ocrx_word' id='word_1_148' title='bbox 317 1074 514 1128; x_wconf 86' lang='lat' dir='ltr'>quamvis</span> <span class='ocrx_word' id='word_1_149' title='bbox 548 1088 757 1130; x_wconf 83' lang='lat' dir='ltr'>magnum</span> <span class='ocrx_word' id='word_1_150' title='bbox 791 1075 967 1131; x_wconf 89' lang='lat' dir='ltr'>aliquod</span> <span class='ocrx_word' id='word_1_151' title='bbox 1001 1080 1266 1133; x_wconf 85' lang='lat' dir='ltr'>acceperint,</span> <span class='ocrx_word' id='word_1_152' title='bbox 1308 1085 1437 1138; x_wconf 89' lang='lat' dir='ltr'>atque</span> <span class='ocrx_word' id='word_1_153' title='bbox 1471 1085 1603 1128; x_wconf 86' lang='lat' dir='ltr'>etiam</span> <span class='ocrx_word' id='word_1_154' title='bbox 1637 1102 1662 1128; x_wconf 87' lang='lat' dir='ltr'>a</span> 
     </span>
     <span class='ocr_line' id='line_1_23' title="bbox 69 1132 1660 1197; baseline 0.01 -25"><span class='ocrx_word' id='word_1_155' title='bbox 69 1144 115 1172; x_wconf 87' lang='lat' dir='ltr'>se</span> <span class='ocrx_word' id='word_1_156' title='bbox 148 1134 226 1173; x_wconf 90' lang='lat' dir='ltr'>aut</span> <span class='ocrx_word' id='word_1_157' title='bbox 249 1132 466 1186; x_wconf 90' lang='lat' dir='ltr'>postulari</span> <span class='ocrx_word' id='word_1_158' title='bbox 500 1136 574 1175; x_wconf 89' lang='lat' dir='ltr'>aut</span> <span class='ocrx_word' id='word_1_159' title='bbox 608 1135 854 1189; x_wconf 83' lang='lat' dir='ltr'>exspectari</span> <span class='ocrx_word' id='word_1_160' title='bbox 888 1137 1052 1192; x_wconf 88' lang='lat' dir='ltr'>aliquid</span> <span class='ocrx_word' id='word_1_161' title='bbox 1086 1141 1381 1196; x_wconf 88' lang='lat' dir='ltr'>suspicantur,</span> <span class='ocrx_word' id='word_1_162' title='bbox 1414 1145 1660 1197; x_wconf 87' lang='lat' dir='ltr'>patrocinio</span> 
     </span>
     <span class='ocr_line' id='line_1_24' title="bbox 68 1193 1658 1257; baseline 0.011 -26"><span class='ocrx_word' id='word_1_163' title='bbox 68 1204 171 1232; x_wconf 88' lang='lat' dir='ltr'>vero</span> <span class='ocrx_word' id='word_1_164' title='bbox 205 1205 252 1233; x_wconf 85' lang='lat' dir='ltr'>se</span> <span class='ocrx_word' id='word_1_165' title='bbox 284 1206 386 1234; x_wconf 87' lang='lat' dir='ltr'>usos</span> <span class='ocrx_word' id='word_1_166' title='bbox 422 1195 496 1235; x_wconf 90' lang='lat' dir='ltr'>aut</span> <span class='ocrx_word' id='word_1_167' title='bbox 529 1193 709 1236; x_wconf 86' lang='lat' dir='ltr'>clientes</span> <span class='ocrx_word' id='word_1_168' title='bbox 749 1196 962 1250; x_wconf 88' lang='lat' dir='ltr'>appellari</span> <span class='ocrx_word' id='word_1_169' title='bbox 1000 1199 1153 1240; x_wconf 84' lang='lat' dir='ltr'>mortis</span> <span class='ocrx_word' id='word_1_170' title='bbox 1193 1199 1333 1242; x_wconf 85' lang='lat' dir='ltr'>instar</span> <span class='ocrx_word' id='word_1_171' title='bbox 1364 1206 1536 1257; x_wconf 84' lang='lat' dir='ltr'>putant.</span> <span class='ocrx_word' id='word_1_172' title='bbox 1598 1206 1658 1248; x_wconf 90' lang='lat' dir='ltr'>At</span> 
     </span>
     <span class='ocr_line' id='line_1_25' title="bbox 68 1250 1661 1319; baseline 0.011 -28"><span class='ocrx_word' id='word_1_173' title='bbox 68 1263 171 1292; x_wconf 82' lang='lat' dir='ltr'>vero</span> <span class='ocrx_word' id='word_1_174' title='bbox 204 1250 280 1292; x_wconf 86' lang='lat' dir='ltr'>ille</span> <span class='ocrx_word' id='word_1_175' title='bbox 312 1252 475 1307; x_wconf 88' lang='lat' dir='ltr'>tenuis,</span> <span class='ocrx_word' id='word_1_176' title='bbox 508 1267 625 1308; x_wconf 88' lang='lat' dir='ltr'>cum,</span> <span class='ocrx_word' id='word_1_177' title='bbox 658 1254 861 1310; x_wconf 89' lang='lat' dir='ltr'>quicquid</span> <span class='ocrx_word' id='word_1_178' title='bbox 895 1256 1059 1298; x_wconf 85' lang='lat' dir='ltr'>factum</span> <span class='ocrx_word' id='word_1_179' title='bbox 1094 1258 1167 1313; x_wconf 78' lang='lat' dir='ltr'>sit,</span> <span class='ocrx_word' id='word_1_180' title='bbox 1202 1274 1246 1301; x_wconf 92' lang='lat' dir='ltr'>se</span> <span class='ocrx_word' id='word_1_181' title='bbox 1280 1265 1541 1319; x_wconf 84' lang='lat' dir='ltr'>spectatum,</span> <span class='ocrx_word' id='word_1_182' title='bbox 1573 1280 1661 1308; x_wconf 90' lang='lat' dir='ltr'>non</span> 
     </span>
    </p>
   </div>
   <div class='ocr_carea' id='block_1_15' title="bbox 56 1369 826 2943">
    <p class='ocr_par' dir='ltr' id='par_1_15' title="bbox 62 1369 826 1891">
     <span class='ocr_line' id='line_1_26' title="bbox 68 1369 826 1414; baseline 0.005 -12"><span class='ocrx_word' id='word_1_183' title='bbox 68 1377 282 1404; x_wconf 81' lang='lat' dir='ltr'>commovere</span> <span class='ocrx_word' id='word_1_184' title='bbox 294 1369 443 1414; x_wconf 78' lang='lat' dir='ltr'>poterit,</span> <span class='ocrx_word' id='word_1_185' title='bbox 464 1370 542 1405; x_wconf 87' lang='lat' dir='ltr'>und</span> <span class='ocrx_word' id='word_1_186' title='bbox 562 1370 684 1406; x_wconf 88' lang='lat' dir='ltr'>neben</span> <span class='ocrx_word' id='word_1_187' title='bbox 704 1371 826 1406; x_wconf 83' lang='lat' dir='ltr'>einem</span> 
     </span>
     <span class='ocr_line' id='line_1_27' title="bbox 69 1414 826 1463; baseline 0.008 -14"><span class='ocrx_word' id='word_1_188' title='bbox 69 1414 308 1460; x_wconf 79' lang='lat' dir='ltr'>Objektsaeo.</span> <span class='ocrx_word' id='word_1_189' title='bbox 335 1417 435 1453; x_wconf 90' lang='lat' dir='ltr'>dom.</span> <span class='ocrx_word' id='word_1_190' title='bbox 455 1421 499 1453; x_wconf 89' lang='lat'>59</span> <span class='ocrx_word' id='word_1_191' title='bbox 527 1419 617 1463; x_wconf 78' lang='lat' dir='ltr'>quid</span> <span class='ocrx_word' id='word_1_192' title='bbox 642 1429 704 1454; x_wconf 66' lang='lat' dir='ltr'>vos</span> <span class='ocrx_word' id='word_1_193' title='bbox 729 1431 826 1455; x_wconf 75' lang='lat' dir='ltr'>uxor</span> 
     </span>
     <span class='ocr_line' id='line_1_28' title="bbox 66 1464 826 1503; baseline 0.008 -6"><span class='ocrx_word' id='word_1_194' title='bbox 66 1472 148 1498; x_wconf 86' lang='lat' dir='ltr'>mea</span> <span class='ocrx_word' id='word_1_195' title='bbox 171 1464 364 1499; x_wconf 76' lang='lat' dir='ltr'>violarat?</span> <span class='ocrx_word' id='word_1_196' title='bbox 391 1465 467 1500; x_wconf 88' lang='lat' dir='ltr'>und</span> <span class='ocrx_word' id='word_1_197' title='bbox 492 1465 545 1500; x_wconf 90' lang='lat' dir='ltr'>im</span> <span class='ocrx_word' id='word_1_198' title='bbox 574 1465 676 1502; x_wconf 86' lang='lat' dir='ltr'>Pass.</span> <span class='ocrx_word' id='word_1_199' title='bbox 702 1467 826 1503; x_wconf 85' lang='lat' dir='ltr'>nebcn</span> 
     </span>
     <span class='ocr_line' id='line_1_29' title="bbox 67 1509 825 1560; baseline 0.007 -15"><span class='ocrx_word' id='word_1_200' title='bbox 67 1509 189 1546; x_wconf 86' lang='lat' dir='ltr'>einem</span> <span class='ocrx_word' id='word_1_201' title='bbox 205 1511 306 1557; x_wconf 89' lang='lat' dir='ltr'>Subj.</span> <span class='ocrx_word' id='word_1_202' title='bbox 322 1511 411 1549; x_wconf 86' lang='lat' dir='ltr'>fam.</span> <span class='ocrx_word' id='word_1_203' title='bbox 426 1512 513 1548; x_wconf 89' lang='lat' dir='ltr'>XIII</span> <span class='ocrx_word' id='word_1_204' title='bbox 531 1518 586 1549; x_wconf 77' lang='lat'>73.</span> <span class='ocrx_word' id='word_1_205' title='bbox 604 1517 624 1548; x_wconf 84' lang='lat'>2</span> <span class='ocrx_word' id='word_1_206' title='bbox 645 1515 722 1550; x_wconf 74' lang='lat' dir='ltr'>nisi</span> <span class='ocrx_word' id='word_1_207' title='bbox 734 1517 825 1560; x_wconf 77' lang='lat' dir='ltr'>quid</span> 
     </span>
     <span class='ocr_line' id='line_1_30' title="bbox 65 1558 823 1599; baseline 0.007 -6"><span class='ocrx_word' id='word_1_208' title='bbox 65 1558 256 1595; x_wconf 78' lang='lat' dir='ltr'>existimas</span> <span class='ocrx_word' id='word_1_209' title='bbox 281 1560 323 1595; x_wconf 77' lang='lat' dir='ltr'>iu</span> <span class='ocrx_word' id='word_1_210' title='bbox 349 1571 392 1595; x_wconf 88' lang='lat' dir='ltr'>ea</span> <span class='ocrx_word' id='word_1_211' title='bbox 411 1572 450 1596; x_wconf 84' lang='lat' dir='ltr'>re</span> <span class='ocrx_word' id='word_1_212' title='bbox 474 1562 612 1597; x_wconf 82' lang='lat' dir='ltr'>violari</span> <span class='ocrx_word' id='word_1_213' title='bbox 637 1564 823 1599; x_wconf 72' lang='lat' dir='ltr'>existima-</span> 
     </span>
     <span class='ocr_line' id='line_1_31' title="bbox 65 1605 823 1646; baseline 0.007 -5"><span class='ocrx_word' id='word_1_214' title='bbox 65 1605 200 1642; x_wconf 79' lang='lat' dir='ltr'>tionem</span> <span class='ocrx_word' id='word_1_215' title='bbox 221 1610 322 1643; x_wconf 88' lang='lat' dir='ltr'>tuam</span> <span class='ocrx_word' id='word_1_216' title='bbox 337 1607 408 1644; x_wconf 85' lang='lat' dir='ltr'>wie</span> <span class='ocrx_word' id='word_1_217' title='bbox 430 1608 465 1644; x_wconf 89' lang='lat' dir='ltr'>S.</span> <span class='ocrx_word' id='word_1_218' title='bbox 484 1613 562 1645; x_wconf 81' lang='lat'>126.</span> <span class='ocrx_word' id='word_1_219' title='bbox 580 1614 622 1645; x_wconf 89' lang='lat'>11</span> <span class='ocrx_word' id='word_1_220' title='bbox 646 1611 742 1646; x_wconf 82' lang='lat' dir='ltr'>illud</span> <span class='ocrx_word' id='word_1_221' title='bbox 757 1612 823 1646; x_wconf 81' lang='lat' dir='ltr'>ad-</span> 
     </span>
     <span class='ocr_line' id='line_1_32' title="bbox 64 1655 824 1701; baseline 0.007 -12"><span class='ocrx_word' id='word_1_222' title='bbox 64 1655 238 1690; x_wconf 73' lang='lat' dir='ltr'>monendi</span> <span class='ocrx_word' id='word_1_223' title='bbox 268 1659 366 1691; x_wconf 77' lang='lat' dir='ltr'>sunt.</span> <span class='ocrx_word' id='word_1_224' title='bbox 408 1657 413 1701; x_wconf 99' lang='grc' dir='ltr'>Ι</span> <span class='ocrx_word' id='word_1_225' title='bbox 453 1657 569 1693; x_wconf 82' lang='lat' dir='ltr'>videb.</span> <span class='ocrx_word' id='word_1_226' title='bbox 603 1658 728 1693; x_wconf 87' lang='lat' dir='ltr'>haben</span> <span class='ocrx_word' id='word_1_227' title='bbox 754 1671 824 1694; x_wconf 86' lang='lat' dir='ltr'>nur</span> 
     </span>
     <span class='ocr_line' id='line_1_33' title="bbox 67 1700 824 1748; baseline 0.008 -12"><span class='ocrx_word' id='word_1_228' title='bbox 67 1700 128 1737; x_wconf 89' lang='lat' dir='ltr'>die</span> <span class='ocrx_word' id='word_1_229' title='bbox 141 1701 432 1748; x_wconf 88' lang='lat' dir='ltr'>interpolierten</span> <span class='ocrx_word' id='word_1_230' title='bbox 443 1704 602 1741; x_wconf 88' lang='lat' dir='ltr'>Hdschr.</span> <span class='ocrx_word' id='word_1_231' title='bbox 630 1704 722 1741; x_wconf 84' lang='lat' dir='ltr'>Dass</span> <span class='ocrx_word' id='word_1_232' title='bbox 734 1707 824 1742; x_wconf 83' lang='lat' dir='ltr'>aber</span> 
     </span>
     <span class='ocr_line' id='line_1_34' title="bbox 65 1747 823 1800; baseline 0.007 -16"><span class='ocrx_word' id='word_1_233' title='bbox 65 1747 141 1786; x_wconf 87' lang='lat' dir='ltr'>Cic.</span> <span class='ocrx_word' id='word_1_234' title='bbox 161 1750 232 1786; x_wconf 85' lang='lat' dir='ltr'>wie</span> <span class='ocrx_word' id='word_1_235' title='bbox 251 1751 329 1786; x_wconf 86' lang='lat' dir='ltr'>Att.</span> <span class='ocrx_word' id='word_1_236' title='bbox 348 1751 365 1786; x_wconf 91' lang='lat'>1</span> <span class='ocrx_word' id='word_1_237' title='bbox 381 1755 436 1788; x_wconf 82' lang='grc'>17.</span> <span class='ocrx_word' id='word_1_238' title='bbox 453 1756 473 1788; x_wconf 83' lang='grc'><strong>7</strong></span> <span class='ocrx_word' id='word_1_239' title='bbox 501 1753 567 1789; x_wconf 90' lang='lat' dir='ltr'>das</span> <span class='ocrx_word' id='word_1_240' title='bbox 587 1754 700 1789; x_wconf 85' lang='lat' dir='ltr'>Verb.</span> <span class='ocrx_word' id='word_1_241' title='bbox 728 1766 823 1800; x_wconf 89' lang='lat' dir='ltr'>ganz</span> 
     </span>
     <span class='ocr_line' id='line_1_35' title="bbox 63 1795 823 1846; baseline 0.011 -16"><span class='ocrx_word' id='word_1_242' title='bbox 63 1795 314 1843; x_wconf 81' lang='lat' dir='ltr'>fortgelassen</span> <span class='ocrx_word' id='word_1_243' title='bbox 334 1799 432 1835; x_wconf 83' lang='lat' dir='ltr'>habe</span> <span class='ocrx_word' id='word_1_244' title='bbox 453 1800 510 1845; x_wconf 87' lang='lat' dir='ltr'>(S.</span> <span class='ocrx_word' id='word_1_245' title='bbox 529 1805 583 1837; x_wconf 88' lang='grc'>16.</span> <span class='ocrx_word' id='word_1_246' title='bbox 600 1802 654 1846; x_wconf 87' lang='lat'>9),</span> <span class='ocrx_word' id='word_1_247' title='bbox 676 1802 823 1838; x_wconf 86' lang='lat' dir='ltr'>scheint</span> 
     </span>
     <span class='ocr_line' id='line_1_36' title="bbox 62 1843 401 1891; baseline 0.009 -12"><span class='ocrx_word' id='word_1_248' title='bbox 62 1843 171 1880; x_wconf 75' lang='lat' dir='ltr'>nicht</span> <span class='ocrx_word' id='word_1_249' title='bbox 194 1846 401 1891; x_wconf 87' lang='lat' dir='ltr'>glaublich.</span> 
     </span>
    </p>

    <p class='ocr_par' dir='ltr' id='par_1_16' title="bbox 56 1893 822 2943">
     <span class='ocr_line' id='line_1_37' title="bbox 111 1893 817 1943; baseline 0.007 -16"><span class='ocrx_word' id='word_1_250' title='bbox 111 1896 144 1927; x_wconf 84' lang='lat'>2.</span> <span class='ocrx_word' id='word_1_251' title='bbox 193 1894 280 1936; x_wconf 74' lang='lat' dir='ltr'>fort.</span> <span class='ocrx_word' id='word_1_252' title='bbox 302 1893 408 1930; x_wconf 89' lang='lat' dir='ltr'>S.39.</span> <span class='ocrx_word' id='word_1_253' title='bbox 426 1899 481 1931; x_wconf 88' lang='lat'>19.</span> <span class='ocrx_word' id='word_1_254' title='bbox 510 1896 515 1942; x_wconf 98' lang='grc' dir='ltr'>Ι</span> <span class='ocrx_word' id='word_1_255' title='bbox 543 1897 607 1932; x_wconf 82' lang='lat' dir='ltr'>sol.</span> <span class='ocrx_word' id='word_1_256' title='bbox 632 1896 665 1931; x_wconf 91' lang='lat' dir='ltr'>S.</span> <span class='ocrx_word' id='word_1_257' title='bbox 681 1902 782 1934; x_wconf 84' lang='grc'>76.5.</span> <span class='ocrx_word' id='word_1_258' title='bbox 815 1936 817 1943; x_wconf 25' lang='grc' dir='ltr'><strong><em>Α</em></strong></span> 
     </span>
     <span class='ocr_line' id='line_1_38' title="bbox 59 1939 819 1988; baseline 0.008 -14"><span class='ocrx_word' id='word_1_259' title='bbox 59 1939 164 1975; x_wconf 81' lang='lat' dir='ltr'>dictu</span> <span class='ocrx_word' id='word_1_260' title='bbox 185 1942 299 1985; x_wconf 76' lang='lat' dir='ltr'>procl.</span> <span class='ocrx_word' id='word_1_261' title='bbox 328 1941 519 1979; x_wconf 88' lang='lat' dir='ltr'>S.115.15.</span> <span class='ocrx_word' id='word_1_262' title='bbox 563 1946 568 1988; x_wconf 95' lang='grc' dir='ltr'>Ι</span> <span class='ocrx_word' id='word_1_263' title='bbox 615 1949 647 1980; x_wconf 90' lang='lat'>3.</span> <span class='ocrx_word' id='word_1_264' title='bbox 699 1947 819 1982; x_wconf 78' lang='lat' dir='ltr'>colloe.</span> 
     </span>
     <span class='ocr_line' id='line_1_39' title="bbox 62 1986 822 2037; baseline 0.009 -15"><span class='ocrx_word' id='word_1_265' title='bbox 62 1986 165 2023; x_wconf 89' lang='lat' dir='ltr'>S.35.</span> <span class='ocrx_word' id='word_1_266' title='bbox 177 1991 207 2023; x_wconf 83' lang='lat'>7.</span> <span class='ocrx_word' id='word_1_267' title='bbox 244 1991 247 2033; x_wconf 96' lang='grc' dir='ltr'>Ι</span> <span class='ocrx_word' id='word_1_268' title='bbox 283 1992 316 2024; x_wconf 84' lang='lat'>4.</span> <span class='ocrx_word' id='word_1_269' title='bbox 344 1990 654 2037; x_wconf 75' lang='lat' dir='ltr'>sequiS.26.11.}</span> <span class='ocrx_word' id='word_1_270' title='bbox 685 1997 716 2028; x_wconf 84' lang='lat'>7.</span> <span class='ocrx_word' id='word_1_271' title='bbox 742 1994 822 2037; x_wconf 81' lang='lat' dir='ltr'>fore</span> 
     </span>
     <span class='ocr_line' id='line_1_40' title="bbox 58 2034 821 2085; baseline 0.007 -15"><span class='ocrx_word' id='word_1_272' title='bbox 58 2034 213 2071; x_wconf 79' lang='lat' dir='ltr'>verti-itt</span> <span class='ocrx_word' id='word_1_273' title='bbox 232 2037 305 2072; x_wconf 89' lang='lat' dir='ltr'>den</span> <span class='ocrx_word' id='word_1_274' title='bbox 317 2036 387 2073; x_wconf 89' lang='lat' dir='ltr'>Inf.</span> <span class='ocrx_word' id='word_1_275' title='bbox 409 2038 477 2073; x_wconf 88' lang='lat' dir='ltr'>fut.</span> <span class='ocrx_word' id='word_1_276' title='bbox 499 2050 574 2074; x_wconf 87' lang='lat' dir='ltr'>von</span> <span class='ocrx_word' id='word_1_277' title='bbox 592 2040 689 2085; x_wconf 73' lang='lat' dir='ltr'>fieri,</span> <span class='ocrx_word' id='word_1_278' title='bbox 704 2041 821 2077; x_wconf 82' lang='lat' dir='ltr'>daher</span> 
     </span>
     <span class='ocr_line' id='line_1_41' title="bbox 59 2085 821 2134; baseline 0.009 -16"><span class='ocrx_word' id='word_1_279' title='bbox 59 2093 85 2118; x_wconf 87' lang='lat' dir='ltr'>a</span> <span class='ocrx_word' id='word_1_280' title='bbox 109 2094 190 2128; x_wconf 78' lang='lat' dir='ltr'>quo.</span> <span class='ocrx_word' id='word_1_281' title='bbox 220 2086 225 2129; x_wconf 83' lang='lat'><em>1</em></span> <span class='ocrx_word' id='word_1_282' title='bbox 255 2088 287 2121; x_wconf 89' lang='grc'>9.</span> <span class='ocrx_word' id='word_1_283' title='bbox 314 2085 424 2132; x_wconf 50' lang='lat' dir='ltr'>Nim..</span> <span class='ocrx_word' id='word_1_284' title='bbox 446 2085 638 2123; x_wconf 79' lang='lat' dir='ltr'>S.123.23.</span> <span class='ocrx_word' id='word_1_285' title='bbox 672 2091 677 2132; x_wconf 94' lang='grc' dir='ltr'>Ι</span> <span class='ocrx_word' id='word_1_286' title='bbox 712 2090 821 2134; x_wconf 77' lang='lat' dir='ltr'>inops</span> 
     </span>
     <span class='ocr_line' id='line_1_42' title="bbox 59 2130 821 2173; baseline 0.009 -8"><span class='ocrx_word' id='word_1_287' title='bbox 59 2130 121 2166; x_wconf 81' lang='lat' dir='ltr'>ille</span> <span class='ocrx_word' id='word_1_288' title='bbox 145 2130 216 2166; x_wconf 78' lang='lat' dir='ltr'>wie</span> <span class='ocrx_word' id='word_1_289' title='bbox 237 2132 274 2166; x_wconf 96' lang='lat' dir='ltr'>Z.</span> <span class='ocrx_word' id='word_1_290' title='bbox 298 2136 354 2167; x_wconf 88' lang='lat'>19.</span> <span class='ocrx_word' id='word_1_291' title='bbox 398 2133 564 2169; x_wconf 86' lang='lat' dir='ltr'>Ahnlich</span> <span class='ocrx_word' id='word_1_292' title='bbox 590 2135 663 2171; x_wconf 79' lang='lat' dir='ltr'>wie</span> <span class='ocrx_word' id='word_1_293' title='bbox 688 2136 728 2171; x_wconf 89' lang='grc'>111</span> <span class='ocrx_word' id='word_1_294' title='bbox 754 2137 821 2173; x_wconf 81' lang='lat' dir='ltr'>der</span> 
     </span>
     <span class='ocr_line' id='line_1_43' title="bbox 60 2176 818 2229; baseline 0.009 -16"><span class='ocrx_word' id='word_1_295' title='bbox 60 2176 277 2215; x_wconf 84' lang='lat' dir='ltr'>bekannten</span> <span class='ocrx_word' id='word_1_296' title='bbox 303 2180 430 2217; x_wconf 86' lang='lat' dir='ltr'>Weise</span> <span class='ocrx_word' id='word_1_297' title='bbox 454 2195 501 2217; x_wconf 89' lang='lat' dir='ltr'>zu</span> <span class='ocrx_word' id='word_1_298' title='bbox 520 2182 818 2229; x_wconf 82' lang='lat' dir='ltr'>Eigennnainen,</span> 
     </span>
     <span class='ocr_line' id='line_1_44' title="bbox 60 2227 820 2273; baseline 0.011 -13"><span class='ocrx_word' id='word_1_299' title='bbox 60 2237 106 2260; x_wconf 88' lang='lat' dir='ltr'>zu</span> <span class='ocrx_word' id='word_1_300' title='bbox 129 2227 201 2270; x_wconf 78' lang='lat' dir='ltr'>sol,</span> <span class='ocrx_word' id='word_1_301' title='bbox 227 2228 387 2273; x_wconf 81' lang='lat' dir='ltr'>caelum,</span> <span class='ocrx_word' id='word_1_302' title='bbox 411 2240 513 2266; x_wconf 83' lang='lat' dir='ltr'>mare</span> <span class='ocrx_word' id='word_1_303' title='bbox 539 2232 609 2266; x_wconf 87' lang='lat' dir='ltr'>etc.</span> <span class='ocrx_word' id='word_1_304' title='bbox 637 2231 731 2267; x_wconf 87' lang='lat' dir='ltr'>wird</span> <span class='ocrx_word' id='word_1_305' title='bbox 758 2233 820 2269; x_wconf 79' lang='lat' dir='ltr'>ille</span> 
     </span>
     <span class='ocr_line' id='line_1_45' title="bbox 61 2273 818 2324; baseline 0.011 -16"><span class='ocrx_word' id='word_1_306' title='bbox 61 2273 159 2309; x_wconf 84' lang='lat' dir='ltr'>auch</span> <span class='ocrx_word' id='word_1_307' title='bbox 184 2286 229 2309; x_wconf 90' lang='lat' dir='ltr'>zu</span> <span class='ocrx_word' id='word_1_308' title='bbox 254 2276 418 2312; x_wconf 87' lang='lat' dir='ltr'>anderen</span> <span class='ocrx_word' id='word_1_309' title='bbox 444 2277 637 2324; x_wconf 82' lang='lat' dir='ltr'>Appellat.</span> <span class='ocrx_word' id='word_1_310' title='bbox 668 2280 746 2315; x_wconf 88' lang='lat' dir='ltr'>und</span> <span class='ocrx_word' id='word_1_311' title='bbox 772 2293 818 2316; x_wconf 89' lang='lat' dir='ltr'>zu</span> 
     </span>
     <span class='ocr_line' id='line_1_46' title="bbox 59 2320 816 2368; baseline 0.012 -13"><span class='ocrx_word' id='word_1_312' title='bbox 59 2320 145 2367; x_wconf 86' lang='lat' dir='ltr'>Adj.</span> <span class='ocrx_word' id='word_1_313' title='bbox 166 2325 328 2368; x_wconf 84' lang='lat' dir='ltr'>gesetzt,</span> <span class='ocrx_word' id='word_1_314' title='bbox 349 2337 414 2359; x_wconf 91' lang='lat' dir='ltr'>um</span> <span class='ocrx_word' id='word_1_315' title='bbox 434 2325 668 2362; x_wconf 82' lang='lat' dir='ltr'>hinweisend</span> <span class='ocrx_word' id='word_1_316' title='bbox 688 2339 737 2364; x_wconf 86' lang='lat' dir='ltr'>an</span> <span class='ocrx_word' id='word_1_317' title='bbox 757 2328 816 2364; x_wconf 92' lang='lat' dir='ltr'>die</span> 
     </span>
     <span class='ocr_line' id='line_1_47' title="bbox 59 2368 817 2411; baseline 0.009 -7"><span class='ocrx_word' id='word_1_318' title='bbox 59 2368 359 2407; x_wconf 85' lang='lat' dir='ltr'>Bekanntschaft</span> <span class='ocrx_word' id='word_1_319' title='bbox 392 2372 457 2408; x_wconf 86' lang='lat' dir='ltr'>des</span> <span class='ocrx_word' id='word_1_320' title='bbox 483 2373 612 2410; x_wconf 82' lang='lat' dir='ltr'>Lesers</span> <span class='ocrx_word' id='word_1_321' title='bbox 641 2375 713 2410; x_wconf 88' lang='lat' dir='ltr'>mit</span> <span class='ocrx_word' id='word_1_322' title='bbox 744 2375 817 2411; x_wconf 90' lang='lat' dir='ltr'>den</span> 
     </span>
     <span class='ocr_line' id='line_1_48' title="bbox 59 2415 818 2470; baseline 0.011 -19"><span class='ocrx_word' id='word_1_323' title='bbox 59 2415 471 2463; x_wconf 79' lang='lat' dir='ltr'>Eigentfimlichkeiten</span> <span class='ocrx_word' id='word_1_324' title='bbox 497 2421 619 2457; x_wconf 88' lang='lat' dir='ltr'>dieser</span> <span class='ocrx_word' id='word_1_325' title='bbox 645 2422 818 2470; x_wconf 84' lang='lat' dir='ltr'>Gattung</span> 
     </span>
     <span class='ocr_line' id='line_1_49' title="bbox 60 2465 815 2511; baseline 0.011 -12"><span class='ocrx_word' id='word_1_326' title='bbox 60 2465 355 2511; x_wconf 87' lang='lat' dir='ltr'>zuappellieren.</span> <span class='ocrx_word' id='word_1_327' title='bbox 371 2467 482 2503; x_wconf 86' lang='lat' dir='ltr'>Gertz</span> <span class='ocrx_word' id='word_1_328' title='bbox 491 2469 574 2504; x_wconf 90' lang='lat' dir='ltr'>Sen.</span> <span class='ocrx_word' id='word_1_329' title='bbox 585 2470 692 2506; x_wconf 89' lang='lat' dir='ltr'>clem.</span> <span class='ocrx_word' id='word_1_330' title='bbox 701 2471 718 2505; x_wconf 93' lang='lat' dir='ltr'>I</span> <span class='ocrx_word' id='word_1_331' title='bbox 729 2475 782 2506; x_wconf 86' lang='lat'>16.</span> <span class='ocrx_word' id='word_1_332' title='bbox 794 2476 815 2507; x_wconf 95' lang='lat'>5</span> 
     </span>
     <span class='ocr_line' id='line_1_50' title="bbox 59 2511 814 2564; baseline 0.009 -17"><span class='ocrx_word' id='word_1_333' title='bbox 59 2511 155 2548; x_wconf 80' lang='lat' dir='ltr'>idem</span> <span class='ocrx_word' id='word_1_334' title='bbox 178 2514 272 2557; x_wconf 80' lang='lat' dir='ltr'>facit</span> <span class='ocrx_word' id='word_1_335' title='bbox 290 2515 352 2550; x_wconf 83' lang='lat' dir='ltr'>ille</span> <span class='ocrx_word' id='word_1_336' title='bbox 370 2519 538 2560; x_wconf 72' lang='lat' dir='ltr'>venator,</span> <span class='ocrx_word' id='word_1_337' title='bbox 567 2516 642 2553; x_wconf 85' lang='lat' dir='ltr'>Cic.</span> <span class='ocrx_word' id='word_1_338' title='bbox 656 2529 733 2564; x_wconf 87' lang='lat' dir='ltr'>rep.</span> <span class='ocrx_word' id='word_1_339' title='bbox 749 2519 782 2554; x_wconf 87' lang='grc' dir='ltr'><strong>Π</strong></span> <span class='ocrx_word' id='word_1_340' title='bbox 794 2524 814 2555; x_wconf 92' lang='grc'>6</span> 
     </span>
     <span class='ocr_line' id='line_1_51' title="bbox 59 2561 812 2610; baseline 0.008 -15"><span class='ocrx_word' id='word_1_341' title='bbox 59 2561 270 2597; x_wconf 81' lang='lat' dir='ltr'>maritimus</span> <span class='ocrx_word' id='word_1_342' title='bbox 288 2563 350 2598; x_wconf 82' lang='lat' dir='ltr'>ille</span> <span class='ocrx_word' id='word_1_343' title='bbox 363 2567 397 2598; x_wconf 87' lang='lat' dir='ltr'>et</span> <span class='ocrx_word' id='word_1_344' title='bbox 409 2565 556 2600; x_wconf 76' lang='lat' dir='ltr'>navalis</span> <span class='ocrx_word' id='word_1_345' title='bbox 569 2565 693 2610; x_wconf 77' lang='lat' dir='ltr'>hostis,</span> <span class='ocrx_word' id='word_1_346' title='bbox 708 2567 812 2602; x_wconf 82' lang='lat' dir='ltr'>Verr.</span> 
     </span>
     <span class='ocr_line' id='line_1_52' title="bbox 58 2605 814 2659; baseline 0.011 -17"><span class='ocrx_word' id='word_1_347' title='bbox 58 2605 195 2644; x_wconf 79' lang='grc'>[[[227</span> <span class='ocrx_word' id='word_1_348' title='bbox 210 2620 265 2645; x_wconf 87' lang='lat' dir='ltr'>ex.</span> <span class='ocrx_word' id='word_1_349' title='bbox 298 2611 360 2646; x_wconf 82' lang='lat' dir='ltr'>ille</span> <span class='ocrx_word' id='word_1_350' title='bbox 391 2615 519 2648; x_wconf 81' lang='lat' dir='ltr'>arator</span> <span class='ocrx_word' id='word_1_351' title='bbox 557 2623 600 2647; x_wconf 85' lang='lat' dir='ltr'>ac</span> <span class='ocrx_word' id='word_1_352' title='bbox 631 2614 814 2659; x_wconf 76' lang='lat' dir='ltr'>domiuus,</span> 
     </span>
     <span class='ocr_line' id='line_1_53' title="bbox 59 2653 813 2705; baseline 0.009 -15"><span class='ocrx_word' id='word_1_353' title='bbox 59 2653 167 2691; x_wconf 82' lang='lat' dir='ltr'>Tusc.</span> <span class='ocrx_word' id='word_1_354' title='bbox 187 2657 222 2691; x_wconf 89' lang='lat' dir='ltr'>H</span> <span class='ocrx_word' id='word_1_355' title='bbox 236 2660 282 2692; x_wconf 89' lang='lat'>58</span> <span class='ocrx_word' id='word_1_356' title='bbox 298 2668 352 2693; x_wconf 84' lang='lat' dir='ltr'>ex.</span> <span class='ocrx_word' id='word_1_357' title='bbox 390 2659 460 2695; x_wconf 82' lang='lat' dir='ltr'>illa</span> <span class='ocrx_word' id='word_1_358' title='bbox 490 2660 680 2705; x_wconf 79' lang='lat' dir='ltr'>pericula,</span> <span class='ocrx_word' id='word_1_359' title='bbox 712 2662 747 2697; x_wconf 94' lang='grc' dir='ltr'>ΙΙ</span> <span class='ocrx_word' id='word_1_360' title='bbox 767 2666 813 2697; x_wconf 88' lang='lat'>35</span> 
     </span>
     <span class='ocr_line' id='line_1_54' title="bbox 60 2701 814 2755; baseline 0.011 -17"><span class='ocrx_word' id='word_1_361' title='bbox 60 2701 195 2740; x_wconf 75' lang='lat' dir='ltr'>Graeci</span> <span class='ocrx_word' id='word_1_362' title='bbox 212 2705 282 2750; x_wconf 78' lang='lat' dir='ltr'>illi,</span> <span class='ocrx_word' id='word_1_363' title='bbox 303 2717 380 2741; x_wconf 87' lang='lat' dir='ltr'>was</span> <span class='ocrx_word' id='word_1_364' title='bbox 400 2718 489 2742; x_wconf 88' lang='lat' dir='ltr'>man</span> <span class='ocrx_word' id='word_1_365' title='bbox 506 2707 546 2743; x_wconf 89' lang='lat' dir='ltr'>in</span> <span class='ocrx_word' id='word_1_366' title='bbox 561 2707 736 2745; x_wconf 74' lang='lat' dir='ltr'>Graeculi</span> <span class='ocrx_word' id='word_1_367' title='bbox 749 2722 814 2755; x_wconf 87' lang='lat' dir='ltr'>ge-</span> 
     </span>
     <span class='ocr_line' id='line_1_55' title="bbox 58 2750 811 2800; baseline 0.011 -15"><span class='ocrx_word' id='word_1_368' title='bbox 58 2750 194 2787; x_wconf 72' lang='lat' dir='ltr'>andert</span> <span class='ocrx_word' id='word_1_369' title='bbox 210 2752 289 2797; x_wconf 87' lang='lat' dir='ltr'>hat,</span> <span class='ocrx_word' id='word_1_370' title='bbox 309 2752 344 2788; x_wconf 91' lang='lat' dir='ltr'><strong>V</strong></span> <span class='ocrx_word' id='word_1_371' title='bbox 360 2757 403 2789; x_wconf 90' lang='lat'>16</span> <span class='ocrx_word' id='word_1_372' title='bbox 424 2755 541 2790; x_wconf 81' lang='lat' dir='ltr'>elatus</span> <span class='ocrx_word' id='word_1_373' title='bbox 559 2756 631 2800; x_wconf 79' lang='lat' dir='ltr'>ille,</span> <span class='ocrx_word' id='word_1_374' title='bbox 646 2757 750 2793; x_wconf 88' lang='lat' dir='ltr'>Lael.</span> <span class='ocrx_word' id='word_1_375' title='bbox 767 2762 811 2793; x_wconf 86' lang='lat'>99</span> 
     </span>
     <span class='ocr_line' id='line_1_56' title="bbox 58 2798 812 2850; baseline 0.011 -18"><span class='ocrx_word' id='word_1_376' title='bbox 58 2798 217 2834; x_wconf 78' lang='lat' dir='ltr'>callidus</span> <span class='ocrx_word' id='word_1_377' title='bbox 250 2801 313 2836; x_wconf 82' lang='lat' dir='ltr'>ille</span> <span class='ocrx_word' id='word_1_378' title='bbox 349 2805 383 2837; x_wconf 85' lang='lat' dir='ltr'>et</span> <span class='ocrx_word' id='word_1_379' title='bbox 419 2803 599 2848; x_wconf 83' lang='lat' dir='ltr'>occultus,</span> <span class='ocrx_word' id='word_1_380' title='bbox 637 2816 714 2850; x_wconf 88' lang='lat' dir='ltr'>rep.</span> <span class='ocrx_word' id='word_1_381' title='bbox 734 2805 812 2840; x_wconf 82' lang='grc'>163</span> 
     </span>
     <span class='ocr_line' id='line_1_57' title="bbox 56 2843 810 2892; baseline 0.011 -12"><span class='ocrx_word' id='word_1_382' title='bbox 56 2843 119 2880; x_wconf 80' lang='lat' dir='ltr'>ille</span> <span class='ocrx_word' id='word_1_383' title='bbox 138 2857 252 2892; x_wconf 63' lang='lat' dir='ltr'>aeger.</span> <span class='ocrx_word' id='word_1_384' title='bbox 282 2850 287 2892; x_wconf 95' lang='grc' dir='ltr'>Ι</span> <span class='ocrx_word' id='word_1_385' title='bbox 318 2852 373 2884; x_wconf 91' lang='grc'>10.</span> <span class='ocrx_word' id='word_1_386' title='bbox 399 2860 522 2886; x_wconf 84' lang='lat' dir='ltr'>comm.</span> <span class='ocrx_word' id='word_1_387' title='bbox 542 2850 578 2887; x_wconf 88' lang='lat' dir='ltr'>S.</span> <span class='ocrx_word' id='word_1_388' title='bbox 594 2855 650 2887; x_wconf 88' lang='lat'>53.</span> <span class='ocrx_word' id='word_1_389' title='bbox 668 2856 723 2887; x_wconf 85' lang='lat'>19.</span> <span class='ocrx_word' id='word_1_390' title='bbox 744 2853 810 2888; x_wconf 91' lang='lat' dir='ltr'>Ac.</span> 
     </span>
     <span class='ocr_line' id='line_1_58' title="bbox 57 2889 810 2943; baseline 0.015 -17"><span class='ocrx_word' id='word_1_391' title='bbox 57 2889 76 2926; x_wconf 90' lang='grc' dir='ltr'><strong>Ι</strong></span> <span class='ocrx_word' id='word_1_392' title='bbox 103 2896 148 2928; x_wconf 88' lang='lat'>18</span> <span class='ocrx_word' id='word_1_393' title='bbox 195 2894 334 2940; x_wconf 75' lang='lat' dir='ltr'>inepte,</span> <span class='ocrx_word' id='word_1_394' title='bbox 382 2899 550 2943; x_wconf 76' lang='lat' dir='ltr'>quisquis</span> <span class='ocrx_word' id='word_1_395' title='bbox 600 2900 810 2936; x_wconf 76' lang='lat' dir='ltr'>Minervam</span> 
     </span>
    </p>
   </div>
   <div class='ocr_carea' id='block_1_16' title="bbox 885 1374 1660 2956">
    <p class='ocr_par' dir='ltr' id='par_1_17' title="bbox 885 1374 1660 2956">
     <span class='ocr_line' id='line_1_59' title="bbox 901 1374 1660 1421; baseline 0.014 -13"><span class='ocrx_word' id='word_1_396' title='bbox 901 1374 1011 1409; x_wconf 81' lang='lat' dir='ltr'>docet.</span> <span class='ocrx_word' id='word_1_397' title='bbox 1042 1378 1046 1418; x_wconf 89' lang='grc' dir='ltr'>Ι</span> <span class='ocrx_word' id='word_1_398' title='bbox 1078 1380 1119 1410; x_wconf 91' lang='grc'>11</span> <span class='ocrx_word' id='word_1_399' title='bbox 1137 1388 1215 1421; x_wconf 87' lang='lat' dir='ltr'>sqq.</span> <span class='ocrx_word' id='word_1_400' title='bbox 1257 1377 1385 1415; x_wconf 86' lang='lat' dir='ltr'>Plane.</span> <span class='ocrx_word' id='word_1_401' title='bbox 1403 1384 1446 1416; x_wconf 78' lang='lat'>63</span> <span class='ocrx_word' id='word_1_402' title='bbox 1467 1382 1660 1419; x_wconf 75' lang='lat' dir='ltr'>dissimilis</span> 
     </span>
     <span class='ocr_line' id='line_1_60' title="bbox 901 1424 1658 1474; baseline 0.013 -18"><span class='ocrx_word' id='word_1_403' title='bbox 901 1426 951 1457; x_wconf 81' lang='lat' dir='ltr'>est</span> <span class='ocrx_word' id='word_1_404' title='bbox 973 1424 1155 1467; x_wconf 72' lang='lat' dir='ltr'>pecuniae</span> <span class='ocrx_word' id='word_1_405' title='bbox 1175 1426 1310 1461; x_wconf 80' lang='lat' dir='ltr'>debitio</span> <span class='ocrx_word' id='word_1_406' title='bbox 1331 1430 1363 1462; x_wconf 85' lang='lat' dir='ltr'>et</span> <span class='ocrx_word' id='word_1_407' title='bbox 1381 1430 1545 1474; x_wconf 47' lang='lat' dir='ltr'>qratiam</span> <span class='ocrx_word' id='word_1_408' title='bbox 1572 1443 1658 1466; x_wconf 77' lang='lat' dir='ltr'>nam</span> 
     </span>
     <span class='ocr_line' id='line_1_61' title="bbox 900 1470 1659 1518; baseline 0.016 -15"><span class='ocrx_word' id='word_1_409' title='bbox 900 1470 965 1514; x_wconf 76' lang='lat' dir='ltr'>qui</span> <span class='ocrx_word' id='word_1_410' title='bbox 985 1473 1184 1514; x_wconf 73' lang='lat' dir='ltr'>pecuniam</span> <span class='ocrx_word' id='word_1_411' title='bbox 1218 1474 1401 1518; x_wconf 72' lang='lat' dir='ltr'>dissolvit,</span> <span class='ocrx_word' id='word_1_412' title='bbox 1432 1479 1555 1512; x_wconf 81' lang='lat' dir='ltr'>statim</span> <span class='ocrx_word' id='word_1_413' title='bbox 1583 1490 1659 1515; x_wconf 77' lang='lat' dir='ltr'>non</span> 
     </span>
     <span class='ocr_line' id='line_1_62' title="bbox 898 1518 1658 1570; baseline 0.014 -19"><span class='ocrx_word' id='word_1_414' title='bbox 898 1518 1005 1552; x_wconf 78' lang='lat' dir='ltr'>habet</span> <span class='ocrx_word' id='word_1_415' title='bbox 1031 1519 1088 1562; x_wconf 72' lang='lat' dir='ltr'>id,</span> <span class='ocrx_word' id='word_1_416' title='bbox 1115 1521 1212 1564; x_wconf 76' lang='lat' dir='ltr'>quod</span> <span class='ocrx_word' id='word_1_417' title='bbox 1238 1523 1416 1566; x_wconf 77' lang='lat' dir='ltr'>reddidit,</span> <span class='ocrx_word' id='word_1_418' title='bbox 1447 1526 1513 1570; x_wconf 80' lang='lat' dir='ltr'>qui</span> <span class='ocrx_word' id='word_1_419' title='bbox 1538 1531 1658 1563; x_wconf 82' lang='lat' dir='ltr'>autem</span> 
     </span>
     <span class='ocr_line' id='line_1_63' title="bbox 899 1565 1658 1618; baseline 0.014 -19"><span class='ocrx_word' id='word_1_420' title='bbox 899 1565 1018 1609; x_wconf 82' lang='lat' dir='ltr'>debet,</span> <span class='ocrx_word' id='word_1_421' title='bbox 1046 1578 1106 1602; x_wconf 82' lang='lat' dir='ltr'>aes</span> <span class='ocrx_word' id='word_1_422' title='bbox 1131 1569 1262 1604; x_wconf 73' lang='lat' dir='ltr'>retinet</span> <span class='ocrx_word' id='word_1_423' title='bbox 1288 1571 1470 1615; x_wconf 78' lang='lat' dir='ltr'>alienum;</span> <span class='ocrx_word' id='word_1_424' title='bbox 1495 1577 1658 1618; x_wconf 69' lang='lat' dir='ltr'>qratiam</span> 
     </span>
     <span class='ocr_line' id='line_1_64' title="bbox 898 1614 1657 1666; baseline 0.014 -19"><span class='ocrx_word' id='word_1_425' title='bbox 898 1616 942 1656; x_wconf 79' lang='lat' dir='ltr'>et,</span> <span class='ocrx_word' id='word_1_426' title='bbox 968 1614 1034 1658; x_wconf 79' lang='lat' dir='ltr'>qui</span> <span class='ocrx_word' id='word_1_427' title='bbox 1061 1616 1183 1660; x_wconf 78' lang='lat' dir='ltr'>refert,</span> <span class='ocrx_word' id='word_1_428' title='bbox 1205 1617 1311 1653; x_wconf 78' lang='lat' dir='ltr'>habet</span> <span class='ocrx_word' id='word_1_429' title='bbox 1331 1622 1374 1662; x_wconf 82' lang='lat' dir='ltr'>et,</span> <span class='ocrx_word' id='word_1_430' title='bbox 1395 1621 1460 1664; x_wconf 74' lang='lat' dir='ltr'>qui</span> <span class='ocrx_word' id='word_1_431' title='bbox 1477 1621 1595 1666; x_wconf 78' lang='lat' dir='ltr'>habet,</span> <span class='ocrx_word' id='word_1_432' title='bbox 1618 1624 1657 1658; x_wconf 79' lang='lat' dir='ltr'>in</span> 
     </span>
     <span class='ocr_line' id='line_1_65' title="bbox 898 1662 1657 1714; baseline 0.016 -19"><span class='ocrx_word' id='word_1_433' title='bbox 898 1671 936 1696; x_wconf 89' lang='lat' dir='ltr'>eo</span> <span class='ocrx_word' id='word_1_434' title='bbox 958 1662 1049 1706; x_wconf 77' lang='lat' dir='ltr'>ipse,</span> <span class='ocrx_word' id='word_1_435' title='bbox 1069 1665 1166 1707; x_wconf 75' lang='lat' dir='ltr'>quod</span> <span class='ocrx_word' id='word_1_436' title='bbox 1185 1664 1304 1709; x_wconf 81' lang='lat' dir='ltr'>habet,</span> <span class='ocrx_word' id='word_1_437' title='bbox 1326 1668 1446 1710; x_wconf 82' lang='lat' dir='ltr'>refert.</span> <span class='ocrx_word' id='word_1_438' title='bbox 1477 1669 1482 1714; x_wconf 94' lang='grc' dir='ltr'>Ι</span> <span class='ocrx_word' id='word_1_439' title='bbox 1514 1674 1567 1705; x_wconf 90' lang='grc'>17.</span> <span class='ocrx_word' id='word_1_440' title='bbox 1591 1675 1657 1706; x_wconf 86' lang='lat' dir='ltr'>aut</span> 
     </span>
     <span class='ocr_line' id='line_1_66' title="bbox 899 1712 1656 1758; baseline 0.013 -15"><span class='ocrx_word' id='word_1_441' title='bbox 899 1729 942 1733; x_wconf 98' lang='lat'><strong>—</strong></span> <span class='ocrx_word' id='word_1_442' title='bbox 972 1713 1038 1744; x_wconf 84' lang='lat' dir='ltr'>aut</span> <span class='ocrx_word' id='word_1_443' title='bbox 1071 1712 1106 1746; x_wconf 87' lang='lat' dir='ltr'>S.</span> <span class='ocrx_word' id='word_1_444' title='bbox 1131 1715 1160 1746; x_wconf 86' lang='lat'>7.</span> <span class='ocrx_word' id='word_1_445' title='bbox 1184 1716 1215 1748; x_wconf 89' lang='lat'>9.</span> <span class='ocrx_word' id='word_1_446' title='bbox 1253 1746 1256 1757; x_wconf 46' lang='grc' dir='ltr'>ι</span> <span class='ocrx_word' id='word_1_447' title='bbox 1285 1716 1424 1758; x_wconf 79' lang='lat' dir='ltr'>postul.</span> <span class='ocrx_word' id='word_1_448' title='bbox 1458 1717 1565 1752; x_wconf 87' lang='lat' dir='ltr'>nicht</span> <span class='ocrx_word' id='word_1_449' title='bbox 1596 1718 1656 1754; x_wconf 71' lang='lat' dir='ltr'>fiir</span> 
     </span>
     <span class='ocr_line' id='line_1_67' title="bbox 899 1756 1656 1811; baseline 0.016 -21"><span class='ocrx_word' id='word_1_450' title='bbox 899 1756 964 1791; x_wconf 87' lang='lat' dir='ltr'>das</span> <span class='ocrx_word' id='word_1_451' title='bbox 978 1757 1075 1802; x_wconf 67' lang='lat' dir='ltr'>Fut„</span> <span class='ocrx_word' id='word_1_452' title='bbox 1091 1759 1268 1796; x_wconf 87' lang='lat' dir='ltr'>sondern:</span> <span class='ocrx_word' id='word_1_453' title='bbox 1287 1761 1384 1798; x_wconf 80' lang='lat' dir='ltr'>‘dass</span> <span class='ocrx_word' id='word_1_454' title='bbox 1401 1763 1509 1799; x_wconf 85' lang='lat' dir='ltr'>darin</span> <span class='ocrx_word' id='word_1_455' title='bbox 1523 1765 1656 1811; x_wconf 83' lang='lat' dir='ltr'>irgend</span> 
     </span>
     <span class='ocr_line' id='line_1_68' title="bbox 898 1804 1655 1859; baseline 0.013 -20"><span class='ocrx_word' id='word_1_456' title='bbox 898 1804 980 1840; x_wconf 88' lang='lat' dir='ltr'>eine</span> <span class='ocrx_word' id='word_1_457' title='bbox 1024 1804 1243 1853; x_wconf 84' lang='lat' dir='ltr'>Forderung</span> <span class='ocrx_word' id='word_1_458' title='bbox 1288 1810 1378 1845; x_wconf 88' lang='lat' dir='ltr'>oder</span> <span class='ocrx_word' id='word_1_459' title='bbox 1427 1813 1655 1859; x_wconf 84' lang='lat' dir='ltr'>wenigstens</span> 
     </span>
     <span class='ocr_line' id='line_1_69' title="bbox 896 1851 1655 1906; baseline 0.016 -20"><span class='ocrx_word' id='word_1_460' title='bbox 896 1851 1123 1900; x_wconf 85' lang='lat' dir='ltr'>Erwartung</span> <span class='ocrx_word' id='word_1_461' title='bbox 1149 1855 1278 1901; x_wconf 81' lang='lat' dir='ltr'>Iiege’3</span> <span class='ocrx_word' id='word_1_462' title='bbox 1307 1857 1341 1892; x_wconf 90' lang='lat' dir='ltr'>S.</span> <span class='ocrx_word' id='word_1_463' title='bbox 1362 1862 1499 1894; x_wconf 87' lang='lat'>156.11</span> <span class='ocrx_word' id='word_1_464' title='bbox 1522 1863 1655 1906; x_wconf 80' lang='lat' dir='ltr'>prola-</span> 
     </span>
     <span class='ocr_line' id='line_1_70' title="bbox 896 1903 1652 1951; baseline 0.016 -18"><span class='ocrx_word' id='word_1_465' title='bbox 896 1903 983 1944; x_wconf 84' lang='lat' dir='ltr'>tam,</span> <span class='ocrx_word' id='word_1_466' title='bbox 1012 1905 1090 1937; x_wconf 87' lang='lat'>160.</span> <span class='ocrx_word' id='word_1_467' title='bbox 1112 1907 1154 1938; x_wconf 87' lang='grc'>13</span> <span class='ocrx_word' id='word_1_468' title='bbox 1183 1907 1436 1951; x_wconf 74' lang='lat' dir='ltr'>contemnitur,</span> <span class='ocrx_word' id='word_1_469' title='bbox 1462 1907 1515 1942; x_wconf 91' lang='lat' dir='ltr'>III</span> <span class='ocrx_word' id='word_1_470' title='bbox 1537 1914 1582 1944; x_wconf 90' lang='lat'>55</span> <span class='ocrx_word' id='word_1_471' title='bbox 1597 1915 1652 1945; x_wconf 76' lang='lat' dir='ltr'>ex.</span> 
     </span>
     <span class='ocr_line' id='line_1_71' title="bbox 896 1949 1653 2001; baseline 0.015 -19"><span class='ocrx_word' id='word_1_472' title='bbox 896 1949 1022 1993; x_wconf 70' lang='lat' dir='ltr'>vendo,</span> <span class='ocrx_word' id='word_1_473' title='bbox 1043 1953 1110 1985; x_wconf 91' lang='lat'>106</span> <span class='ocrx_word' id='word_1_474' title='bbox 1126 1961 1180 1985; x_wconf 74' lang='lat' dir='ltr'>ex.</span> <span class='ocrx_word' id='word_1_475' title='bbox 1209 1957 1421 1998; x_wconf 75' lang='lat' dir='ltr'>quaeratur,</span> <span class='ocrx_word' id='word_1_476' title='bbox 1451 1959 1517 1990; x_wconf 89' lang='lat'>118</span> <span class='ocrx_word' id='word_1_477' title='bbox 1533 1969 1580 1991; x_wconf 90' lang='lat' dir='ltr'>m.</span> <span class='ocrx_word' id='word_1_478' title='bbox 1608 1959 1653 2001; x_wconf 73' lang='lat' dir='ltr'>fi-</span> 
     </span>
     <span class='ocr_line' id='line_1_72' title="bbox 894 1996 1649 2051; baseline 0.015 -22"><span class='ocrx_word' id='word_1_479' title='bbox 894 1996 989 2039; x_wconf 74' lang='lat' dir='ltr'>airi3</span> <span class='ocrx_word' id='word_1_480' title='bbox 1019 1996 1187 2033; x_wconf 77' lang='lat' dir='ltr'>S.75.21.</span> <span class='ocrx_word' id='word_1_481' title='bbox 1212 2006 1216 2043; x_wconf 89' lang='grc' dir='ltr'>Ι</span> <span class='ocrx_word' id='word_1_482' title='bbox 1242 2004 1296 2035; x_wconf 87' lang='grc'>19.</span> <span class='ocrx_word' id='word_1_483' title='bbox 1333 2002 1394 2036; x_wconf 77' lang='lat' dir='ltr'>ille</span> <span class='ocrx_word' id='word_1_484' title='bbox 1409 2004 1530 2039; x_wconf 75' lang='lat' dir='ltr'>tenuis</span> <span class='ocrx_word' id='word_1_485' title='bbox 1545 2005 1580 2039; x_wconf 92' lang='grc' dir='ltr'>Ζ.</span> <span class='ocrx_word' id='word_1_486' title='bbox 1598 2006 1649 2051; x_wconf 90' lang='grc' dir='ltr'>9.Ι</span> 
     </span>
     <span class='ocr_line' id='line_1_73' title="bbox 895 2041 1650 2097; baseline 0.016 -21"><span class='ocrx_word' id='word_1_487' title='bbox 895 2041 971 2077; x_wconf 87' lang='lat' dir='ltr'>Das</span> <span class='ocrx_word' id='word_1_488' title='bbox 1003 2043 1277 2081; x_wconf 84' lang='lat' dir='ltr'>hdschrftliche</span> <span class='ocrx_word' id='word_1_489' title='bbox 1310 2049 1398 2091; x_wconf 76' lang='lat' dir='ltr'>fact.</span> <span class='ocrx_word' id='word_1_490' title='bbox 1427 2050 1650 2097; x_wconf 79' lang='lat' dir='ltr'>(S.101.27)</span> 
     </span>
     <span class='ocr_line' id='line_1_74' title="bbox 894 2091 1652 2136; baseline 0.016 -11"><span class='ocrx_word' id='word_1_491' title='bbox 894 2091 956 2126; x_wconf 81' lang='lat' dir='ltr'>sit</span> <span class='ocrx_word' id='word_1_492' title='bbox 973 2092 1051 2126; x_wconf 88' lang='lat' dir='ltr'>und</span> <span class='ocrx_word' id='word_1_493' title='bbox 1062 2096 1191 2136; x_wconf 79' lang='lat' dir='ltr'>putat</span> <span class='ocrx_word' id='word_1_494' title='bbox 1211 2094 1313 2131; x_wconf 87' lang='lat' dir='ltr'>kann</span> <span class='ocrx_word' id='word_1_495' title='bbox 1323 2097 1430 2133; x_wconf 88' lang='lat' dir='ltr'>nicht</span> <span class='ocrx_word' id='word_1_496' title='bbox 1439 2099 1562 2135; x_wconf 86' lang='lat' dir='ltr'>neben</span> <span class='ocrx_word' id='word_1_497' title='bbox 1574 2100 1652 2136; x_wconf 89' lang='lat' dir='ltr'>ein-</span> 
     </span>
     <span class='ocr_line' id='line_1_75' title="bbox 895 2138 1651 2193; baseline 0.017 -21"><span class='ocrx_word' id='word_1_498' title='bbox 895 2138 1011 2174; x_wconf 90' lang='lat' dir='ltr'>ander</span> <span class='ocrx_word' id='word_1_499' title='bbox 1031 2138 1232 2184; x_wconf 88' lang='lat' dir='ltr'>bestehen;</span> <span class='ocrx_word' id='word_1_500' title='bbox 1261 2143 1360 2179; x_wconf 88' lang='lat' dir='ltr'>denn</span> <span class='ocrx_word' id='word_1_501' title='bbox 1380 2146 1446 2181; x_wconf 85' lang='lat' dir='ltr'>der</span> <span class='ocrx_word' id='word_1_502' title='bbox 1466 2148 1651 2193; x_wconf 78' lang='lat' dir='ltr'>verallge-</span> 
     </span>
     <span class='ocr_line' id='line_1_76' title="bbox 893 2186 1652 2233; baseline 0.018 -14"><span class='ocrx_word' id='word_1_503' title='bbox 893 2186 1109 2222; x_wconf 87' lang='lat' dir='ltr'>meinernde</span> <span class='ocrx_word' id='word_1_504' title='bbox 1118 2188 1300 2226; x_wconf 86' lang='lat' dir='ltr'>Relativs.</span> <span class='ocrx_word' id='word_1_505' title='bbox 1312 2193 1362 2228; x_wconf 87' lang='lat' dir='ltr'>ist</span> <span class='ocrx_word' id='word_1_506' title='bbox 1369 2192 1547 2232; x_wconf 84' lang='lat' dir='ltr'>Vorders.</span> <span class='ocrx_word' id='word_1_507' title='bbox 1556 2208 1602 2231; x_wconf 90' lang='lat' dir='ltr'>zu</span> <span class='ocrx_word' id='word_1_508' title='bbox 1615 2208 1652 2233; x_wconf 83' lang='lat' dir='ltr'>se</span> 
     </span>
     <span class='ocr_line' id='line_1_77' title="bbox 895 2236 1650 2289; baseline 0.017 -22"><span class='ocrx_word' id='word_1_509' title='bbox 895 2253 938 2259; x_wconf 90' lang='lat'>—</span> <span class='ocrx_word' id='word_1_510' title='bbox 954 2238 1082 2280; x_wconf 78' lang='lat' dir='ltr'>putat,</span> <span class='ocrx_word' id='word_1_511' title='bbox 1102 2236 1209 2273; x_wconf 86' lang='lat' dir='ltr'>nicht</span> <span class='ocrx_word' id='word_1_512' title='bbox 1218 2238 1381 2276; x_wconf 73' lang='lat' dir='ltr'>Nebens</span> <span class='ocrx_word' id='word_1_513' title='bbox 1403 2254 1468 2277; x_wconf 90' lang='lat' dir='ltr'>zur</span> <span class='ocrx_word' id='word_1_514' title='bbox 1488 2254 1539 2279; x_wconf 89' lang='lat' dir='ltr'>or.</span> <span class='ocrx_word' id='word_1_515' title='bbox 1562 2244 1650 2289; x_wconf 67' lang='lat' dir='ltr'>obl„</span> 
     </span>
     <span class='ocr_line' id='line_1_78' title="bbox 892 2281 1648 2338; baseline 0.016 -23"><span class='ocrx_word' id='word_1_516' title='bbox 892 2281 994 2317; x_wconf 86' lang='lat' dir='ltr'>kann</span> <span class='ocrx_word' id='word_1_517' title='bbox 1020 2282 1099 2319; x_wconf 87' lang='lat' dir='ltr'>also</span> <span class='ocrx_word' id='word_1_518' title='bbox 1126 2284 1186 2320; x_wconf 73' lang='lat' dir='ltr'>ffir</span> <span class='ocrx_word' id='word_1_519' title='bbox 1219 2286 1300 2322; x_wconf 86' lang='lat' dir='ltr'>sich</span> <span class='ocrx_word' id='word_1_520' title='bbox 1328 2288 1435 2324; x_wconf 81' lang='lat' dir='ltr'>nicht</span> <span class='ocrx_word' id='word_1_521' title='bbox 1459 2290 1511 2325; x_wconf 93' lang='lat' dir='ltr'>im</span> <span class='ocrx_word' id='word_1_522' title='bbox 1537 2290 1648 2338; x_wconf 86' lang='lat' dir='ltr'>Konj.</span> 
     </span>
     <span class='ocr_line' id='line_1_79' title="bbox 893 2330 1650 2385; baseline 0.017 -22"><span class='ocrx_word' id='word_1_523' title='bbox 893 2330 1026 2365; x_wconf 88' lang='lat' dir='ltr'>stehen</span> <span class='ocrx_word' id='word_1_524' title='bbox 1053 2333 1190 2378; x_wconf 86' lang='lat' dir='ltr'>(vergl.</span> <span class='ocrx_word' id='word_1_525' title='bbox 1219 2333 1252 2369; x_wconf 93' lang='lat' dir='ltr'>S.</span> <span class='ocrx_word' id='word_1_526' title='bbox 1276 2339 1332 2370; x_wconf 83' lang='lat'>54.</span> <span class='ocrx_word' id='word_1_527' title='bbox 1354 2339 1406 2380; x_wconf 82' lang='lat'>4).</span> <span class='ocrx_word' id='word_1_528' title='bbox 1440 2337 1650 2385; x_wconf 84' lang='lat' dir='ltr'>Deswegen</span> 
     </span>
     <span class='ocr_line' id='line_1_80' title="bbox 891 2376 1649 2429; baseline 0.016 -18"><span class='ocrx_word' id='word_1_529' title='bbox 891 2376 1015 2413; x_wconf 89' lang='lat' dir='ltr'>haben</span> <span class='ocrx_word' id='word_1_530' title='bbox 1030 2390 1166 2416; x_wconf 88' lang='lat' dir='ltr'>neuere</span> <span class='ocrx_word' id='word_1_531' title='bbox 1181 2381 1443 2429; x_wconf 84' lang='lat' dir='ltr'>Herausgeber</span> <span class='ocrx_word' id='word_1_532' title='bbox 1457 2387 1567 2422; x_wconf 83' lang='lat' dir='ltr'>unter</span> <span class='ocrx_word' id='word_1_533' title='bbox 1583 2387 1649 2423; x_wconf 87' lang='lat' dir='ltr'>der</span> 
     </span>
     <span class='ocr_line' id='line_1_81' title="bbox 890 2424 1649 2481; baseline 0.014 -22"><span class='ocrx_word' id='word_1_534' title='bbox 890 2424 1212 2474; x_wconf 85' lang='lat' dir='ltr'>Voraussetzung,</span> <span class='ocrx_word' id='word_1_535' title='bbox 1247 2430 1327 2466; x_wconf 86' lang='lat' dir='ltr'>dass</span> <span class='ocrx_word' id='word_1_536' title='bbox 1357 2436 1471 2477; x_wconf 78' lang='lat' dir='ltr'>putat</span> <span class='ocrx_word' id='word_1_537' title='bbox 1508 2434 1649 2481; x_wconf 85' lang='lat' dir='ltr'>richtig</span> 
     </span>
     <span class='ocr_line' id='line_1_82' title="bbox 890 2473 1645 2526; baseline 0.013 -19"><span class='ocrx_word' id='word_1_538' title='bbox 890 2473 962 2518; x_wconf 88' lang='lat' dir='ltr'>sei,</span> <span class='ocrx_word' id='word_1_539' title='bbox 988 2474 1059 2510; x_wconf 89' lang='lat' dir='ltr'>mit</span> <span class='ocrx_word' id='word_1_540' title='bbox 1083 2475 1206 2512; x_wconf 85' lang='lat' dir='ltr'>Recht</span> <span class='ocrx_word' id='word_1_541' title='bbox 1237 2479 1286 2513; x_wconf 80' lang='lat' dir='ltr'>sit</span> <span class='ocrx_word' id='word_1_542' title='bbox 1311 2479 1351 2514; x_wconf 91' lang='lat' dir='ltr'>in</span> <span class='ocrx_word' id='word_1_543' title='bbox 1377 2484 1426 2515; x_wconf 75' lang='lat' dir='ltr'>est</span> <span class='ocrx_word' id='word_1_544' title='bbox 1452 2482 1645 2526; x_wconf 71' lang='lat' dir='ltr'>geandert.</span> 
     </span>
     <span class='ocr_line' id='line_1_83' title="bbox 889 2520 1647 2572; baseline 0.016 -18"><span class='ocrx_word' id='word_1_545' title='bbox 889 2520 990 2556; x_wconf 87' lang='lat' dir='ltr'>Aber</span> <span class='ocrx_word' id='word_1_546' title='bbox 1027 2523 1157 2567; x_wconf 84' lang='lat' dir='ltr'>gewiss</span> <span class='ocrx_word' id='word_1_547' title='bbox 1196 2524 1247 2561; x_wconf 88' lang='lat' dir='ltr'>ist</span> <span class='ocrx_word' id='word_1_548' title='bbox 1283 2526 1468 2563; x_wconf 83' lang='lat' dir='ltr'>vielmehr</span> <span class='ocrx_word' id='word_1_549' title='bbox 1506 2529 1647 2572; x_wconf 78' lang='lat' dir='ltr'>factum</span> 
     </span>
     <span class='ocr_line' id='line_1_84' title="bbox 889 2568 1647 2619; baseline 0.013 -16"><span class='ocrx_word' id='word_1_550' title='bbox 889 2569 937 2604; x_wconf 84' lang='lat' dir='ltr'>sit</span> <span class='ocrx_word' id='word_1_551' title='bbox 961 2568 1102 2616; x_wconf 85' lang='lat' dir='ltr'>richtig</span> <span class='ocrx_word' id='word_1_552' title='bbox 1127 2572 1204 2607; x_wconf 85' lang='lat' dir='ltr'>und</span> <span class='ocrx_word' id='word_1_553' title='bbox 1229 2577 1342 2618; x_wconf 79' lang='lat' dir='ltr'>putat</span> <span class='ocrx_word' id='word_1_554' title='bbox 1367 2575 1506 2619; x_wconf 87' lang='lat' dir='ltr'>falsch;</span> <span class='ocrx_word' id='word_1_555' title='bbox 1548 2577 1647 2613; x_wconf 89' lang='lat' dir='ltr'>denn</span> 
     </span>
     <span class='ocr_line' id='line_1_85' title="bbox 889 2615 1646 2660; baseline 0.012 -9"><span class='ocrx_word' id='word_1_556' title='bbox 889 2615 971 2652; x_wconf 82' lang='lat' dir='ltr'>dass</span> <span class='ocrx_word' id='word_1_557' title='bbox 992 2617 1058 2653; x_wconf 84' lang='lat' dir='ltr'>das</span> <span class='ocrx_word' id='word_1_558' title='bbox 1078 2619 1237 2655; x_wconf 83' lang='lat' dir='ltr'>kausale</span> <span class='ocrx_word' id='word_1_559' title='bbox 1258 2632 1340 2656; x_wconf 83' lang='lat' dir='ltr'>cum</span> <span class='ocrx_word' id='word_1_560' title='bbox 1358 2621 1397 2657; x_wconf 90' lang='lat' dir='ltr'>in</span> <span class='ocrx_word' id='word_1_561' title='bbox 1416 2623 1646 2660; x_wconf 86' lang='lat' dir='ltr'>klassischer</span> 
     </span>
     <span class='ocr_line' id='line_1_86' title="bbox 890 2663 1642 2709; baseline 0.013 -11"><span class='ocrx_word' id='word_1_562' title='bbox 890 2663 979 2699; x_wconf 89' lang='lat' dir='ltr'>oder</span> <span class='ocrx_word' id='word_1_563' title='bbox 998 2666 1325 2703; x_wconf 85' lang='lat' dir='ltr'>nachklassischer</span> <span class='ocrx_word' id='word_1_564' title='bbox 1336 2669 1420 2705; x_wconf 87' lang='lat' dir='ltr'>Zeit</span> <span class='ocrx_word' id='word_1_565' title='bbox 1437 2671 1509 2706; x_wconf 90' lang='lat' dir='ltr'>den</span> <span class='ocrx_word' id='word_1_566' title='bbox 1523 2671 1642 2709; x_wconf 75' lang='lat' dir='ltr'>Indik.</span> 
     </span>
     <span class='ocr_line' id='line_1_87' title="bbox 887 2710 1645 2761; baseline 0.015 -16"><span class='ocrx_word' id='word_1_567' title='bbox 887 2710 949 2746; x_wconf 89' lang='lat' dir='ltr'>bei</span> <span class='ocrx_word' id='word_1_568' title='bbox 982 2712 1062 2748; x_wconf 84' lang='lat' dir='ltr'>sich</span> <span class='ocrx_word' id='word_1_569' title='bbox 1098 2714 1222 2750; x_wconf 87' lang='lat' dir='ltr'>haben</span> <span class='ocrx_word' id='word_1_570' title='bbox 1257 2716 1398 2761; x_wconf 64' lang='lat' dir='ltr'>kenne,</span> <span class='ocrx_word' id='word_1_571' title='bbox 1438 2718 1524 2754; x_wconf 86' lang='lat' dir='ltr'>darf</span> <span class='ocrx_word' id='word_1_572' title='bbox 1555 2731 1645 2756; x_wconf 88' lang='lat' dir='ltr'>man</span> 
     </span>
     <span class='ocr_line' id='line_1_88' title="bbox 887 2759 1645 2809; baseline 0.015 -16"><span class='ocrx_word' id='word_1_573' title='bbox 887 2759 989 2794; x_wconf 84' lang='lat' dir='ltr'>einer</span> <span class='ocrx_word' id='word_1_574' title='bbox 1013 2761 1362 2809; x_wconf 68' lang='lat' dir='ltr'>verhaltnismassig</span> <span class='ocrx_word' id='word_1_575' title='bbox 1385 2766 1472 2801; x_wconf 87' lang='lat' dir='ltr'>sehr</span> <span class='ocrx_word' id='word_1_576' title='bbox 1490 2766 1645 2804; x_wconf 85' lang='lat' dir='ltr'>kleinen</span> 
     </span>
     <span class='ocr_line' id='line_1_89' title="bbox 885 2805 1644 2861; baseline 0.016 -21"><span class='ocrx_word' id='word_1_577' title='bbox 885 2805 1031 2842; x_wconf 88' lang='lat' dir='ltr'>Anzahl</span> <span class='ocrx_word' id='word_1_578' title='bbox 1062 2819 1134 2843; x_wconf 84' lang='lat' dir='ltr'>von</span> <span class='ocrx_word' id='word_1_579' title='bbox 1170 2809 1315 2846; x_wconf 89' lang='lat' dir='ltr'>Stellen</span> <span class='ocrx_word' id='word_1_580' title='bbox 1348 2813 1483 2850; x_wconf 88' lang='lat' dir='ltr'>ebenso</span> <span class='ocrx_word' id='word_1_581' title='bbox 1519 2815 1644 2861; x_wconf 84' lang='lat' dir='ltr'>wenig</span> 
     </span>
     <span class='ocr_line' id='line_1_90' title="bbox 885 2853 1643 2899; baseline 0.013 -11"><span class='ocrx_word' id='word_1_582' title='bbox 885 2853 1066 2899; x_wconf 84' lang='lat' dir='ltr'>glauben,</span> <span class='ocrx_word' id='word_1_583' title='bbox 1105 2856 1176 2892; x_wconf 83' lang='lat' dir='ltr'>wie</span> <span class='ocrx_word' id='word_1_584' title='bbox 1212 2871 1241 2893; x_wconf 88' lang='lat' dir='ltr'>z.</span> <span class='ocrx_word' id='word_1_585' title='bbox 1275 2858 1316 2894; x_wconf 92' lang='lat' dir='ltr'>B.</span> <span class='ocrx_word' id='word_1_586' title='bbox 1351 2860 1417 2896; x_wconf 89' lang='lat' dir='ltr'>der</span> <span class='ocrx_word' id='word_1_587' title='bbox 1449 2862 1534 2897; x_wconf 86' lang='lat' dir='ltr'>sehr</span> <span class='ocrx_word' id='word_1_588' title='bbox 1567 2863 1643 2898; x_wconf 90' lang='lat' dir='ltr'>viel</span> 
     </span>
     <span class='ocr_line' id='line_1_91' title="bbox 885 2901 1643 2956; baseline 0.013 -20"><span class='ocrx_word' id='word_1_589' title='bbox 885 2901 1077 2946; x_wconf 70' lang='lat' dir='ltr'>grosseren</span> <span class='ocrx_word' id='word_1_590' title='bbox 1118 2904 1253 2951; x_wconf 86' lang='lat' dir='ltr'>Menge</span> <span class='ocrx_word' id='word_1_591' title='bbox 1292 2918 1366 2943; x_wconf 85' lang='lat' dir='ltr'>von</span> <span class='ocrx_word' id='word_1_592' title='bbox 1407 2909 1567 2956; x_wconf 85' lang='lat' dir='ltr'>Stellen,</span> <span class='ocrx_word' id='word_1_593' title='bbox 1603 2910 1643 2945; x_wconf 89' lang='lat' dir='ltr'>in</span> 
     </span>
    </p>
   </div>
   <div class='ocr_carea' id='block_1_17' title="bbox 1676 1217 1718 1249">
    <p class='ocr_par' dir='ltr' id='par_1_18' title="bbox 1676 1217 1718 1249">
     <span class='ocr_line' id='line_1_92' title="bbox 1676 1217 1718 1249; baseline 0 0"><span class='ocrx_word' id='word_1_594' title='bbox 1676 1217 1718 1249; x_wconf 77' lang='lat'>70</span> 
     </span>
    </p>
   </div>
  </div>
 </body>
</html>
