1875 3214
209 103 293 145 108
842 100 906 135 DE
934 99 1132 136 orrlcns

208 225 375 252 morum
409 224 456 251 ac
488 208 753 250 facilitatem.
815 208 989 250 Etenim
1030 208 1136 250 illud
1181 209 1340 263 ipsum,
1386 209 1499 263 quod
1539 208 1768 251 honestum

209 270 491 323 decorumque
524 267 725 322 dicimus,
758 268 858 321 quia
889 282 966 321 per
998 282 1043 308 se
1074 267 1199 309 nobis
1232 268 1375 322 placet
1405 268 1656 322 animosque
1689 283 1776 309 om-

208 329 326 369 nium
352 330 506 369 natura
533 329 575 368 et
602 327 741 380 specie
770 341 846 367 sua
873 329 1111 368 commovet
1139 327 1408 380 maximeque
1436 327 1557 381 quasi
1585 327 1776 380 perlucet

210 401 259 428 ex
290 387 361 439 iis,
395 400 499 441 quas
533 385 883 439 commemoravi,
916 384 1164 437 virtutibus,
1198 385 1355 427 idcirco
1387 385 1503 438 illos,
1543 385 1589 426 in
1621 385 1776 440 quibus

210 460 281 487 eas
307 445 485 486 virtutes
513 459 605 486 esse
631 459 790 496 remur,
823 459 848 485 a
873 446 1029 484 natura
1054 443 1149 498 ipsa
1174 443 1353 499 diligere
1379 444 1584 498 cogimur.
1634 443 1776 498 Atque
1814 456 1832 483 5

209 504 290 545 hae
323 503 494 558 quidem
527 518 678 545 causae
712 502 919 557 diligendi
952 503 1251 557 gravissimae3
1296 505 1479 557 possunt
1511 503 1625 544 enim
1657 517 1777 557 prae-

151 574 195 605 33
211 566 328 604 terea
359 577 449 604 non
481 563 623 603 nullae
657 577 749 603 esse
782 562 976 602 leviores.
1026 560 1151 602 Fides
1179 564 1324 603 autem
1351 564 1399 603 ut
1425 561 1648 616 habeatur,
1680 562 1780 603 dua-

211 622 291 663 bus
324 623 450 663 rebus
491 621 605 662 effici
643 623 805 675 potest:
851 620 886 661 si
931 619 1275 661 existimabimur
1320 621 1464 675 adepti
1508 621 1780 663 coniunctam

211 695 307 722 cum
339 681 507 722 iustitia
547 680 833 735 prudentiam.
893 677 1007 720 Nam
1053 682 1094 720 et
1132 679 1184 720 iis
1227 679 1355 720 fidem
1399 679 1627 734 habemus,
1672 694 1779 734 quos

210 740 305 795 plus
346 740 597 794 intellegere
636 753 764 793 quam
803 752 882 779 nos
916 737 1176 778 arbitramur
1208 752 1399 792 quosque
1432 740 1475 779 et
1507 738 1652 780 futura
1682 753 1778 793 pro·
1800 752 1835 778 10

215 799 375 853 spicere
408 798 619 840 credimus
660 800 721 850 et,
767 811 861 838 cum
894 810 960 837 res
995 799 1150 850 agatur
1182 796 1228 837 in
1260 796 1572 851 discrimenque
1604 800 1780 838 ventum

215 858 284 911 sit,
317 857 513 911 expedire
545 871 635 897 rem
669 859 711 897 et
743 855 969 897 eonsilium
1003 870 1052 896 ex
1084 857 1277 909 tempore
1309 870 1461 909 capere
1493 870 1638 910 posse3
1670 855 1783 897 hanc

215 917 328 957 enim
362 917 512 957 utilem
543 915 740 957 homines
775 914 1023 955 existimant
1054 928 1285 969 veramque
1316 914 1600 969 prudentiam.
1650 914 1782 956 Iustis

217 977 362 1016 autem
397 978 439 1016 et
470 974 566 1015 fidis
598 974 859 1027 hominibus,
891 972 934 1013 id
967 975 1033 1014 est
1064 973 1190 1014 bonis
1222 973 1338 1024 viris,
1369 973 1432 1014 ita
1456 973 1560 1015 fides
1586 974 1783 1027 habetur,

217 1037 265 1075 ut
309 1034 429 1075 nulla
469 1034 524 1074 sit
568 1033 612 1074 in
656 1033 707 1074 iis
753 1031 916 1073 fraudis
958 1032 1223 1086 iniuriaeque
1269 1032 1466 1086 suspicio.
1527 1031 1680 1086 Itaque
1713 1032 1782 1073 his
1804 1044 1838 1071 15

217 1092 401 1134 salutem
434 1094 641 1145 nostram,
673 1091 739 1132 his
771 1090 983 1144 fortunas,
1014 1090 1082 1131 his
1109 1091 1267 1132 liberos
1298 1091 1538 1133 rectissime
1571 1091 1784 1132 committi
1862 1107 1871 1119 ν

156 1162 200 1193 34
217 1151 490 1192 arbitramur.
541 1150 707 1191 Harum
734 1150 867 1205 igitur
893 1149 1074 1190 duarum
1108 1149 1161 1190 ad
1192 1149 1318 1192 fidem
1351 1149 1592 1191 faciendam
1617 1150 1786 1191 iustitia

213 1210 308 1264 plus
342 1210 499 1264 pollet,
546 1210 701 1264 quippe
741 1223 836 1250 cum
875 1223 924 1249 ea
963 1208 1054 1249 sine
1092 1208 1321 1262 prudentia
1359 1209 1466 1250 satis
1510 1209 1669 1250 habeat
1712 1223 1785 1250 au-

214 1269 445 1323 ctoritatis,
472 1268 701 1323 prudentia
722 1269 812 1308 sine
834 1267 1000 1308 iustitia
1026 1267 1131 1308 nihil
1159 1268 1272 1308 valet
1299 1267 1351 1308 ad
1377 1267 1618 1309 faciendam
1643 1267 1784 1309 fidem.
1839 1268 1843 1272 ⁴

215 1327 308 1377 Quo
341 1328 454 1368 enim
483 1328 578 1382 quis
611 1327 824 1368 versutior
851 1328 892 1367 et
920 1325 1126 1380 callidior,
1158 1325 1239 1367 hoc
1265 1326 1446 1368 invisior
1474 1328 1516 1368 et
1543 1326 1782 1381 suspectior
1803 1339 1839 1366 20

216 1390 280 1428 est
312 1387 507 1428 detracta
539 1386 742 1441 opinione
775 1385 1020 1440 probitatis.
1084 1384 1222 1434 Quam
1255 1385 1309 1426 ob
1342 1399 1432 1426 rem
1459 1384 1782 1441 intellegentiae

214 1446 381 1487 iustitia
414 1446 653 1499 coniuncta,
685 1447 892 1499 quantum
924 1444 1055 1497 volet,
1087 1443 1266 1484 habebit
1299 1444 1352 1485 ad
1384 1444 1624 1486 faciendam
1657 1443 1784 1485 fidem

214 1573 552 1616 -facilirseaa
576 1574 579 1611 Ι
607 1572 958 1616 1.ηῑονῖι7η8.72.7.Ι

217 1625 248 1655 3.
301 1624 389 1660 nat„
416 1620 532 1654 durch
553 1620 630 1654 sein
652 1619 796 1654 wahres
816 1619 962 1653 inneres

214 1668 350 1702 Wesen
367 1666 742 1710 (Vortrefflichkeit),
769 1667 883 1710 specie
903 1665 963 1700 die

215 1714 280 1749 das
307 1715 432 1748 wahre
457 1714 593 1749 Wesen
619 1714 657 1748 in
684 1715 802 1748 seiner
830 1712 962 1747 Ideali-

214 1763 271 1796 tat
291 1774 333 1795 zu
353 1761 471 1795 voller
486 1760 738 1805 Anschauung
757 1759 964 1804 bringende

214 1808 358 1842 aussere
404 1807 675 1852 Erscheinung;
729 1807 763 1841 S.
797 1810 851 1841 32.
886 1810 918 1840 2.
959 1806 962 1851 Ι

214 1866 379 1890 commov.
409 1855 442 1890 S.
465 1858 518 1890 38.
545 1859 598 1889 13.
634 1860 638 1897 Ι
674 1859 704 1889 6.
732 1855 837 1888 enim.
857 1853 891 1887 S.
907 1857 962 1887 39.

217 1907 249 1938 7.
280 1906 284 1944 Ι
317 1906 348 1937 7.
375 1906 493 1936 autem
509 1902 543 1936 S.
559 1905 590 1936 6.
606 1905 644 1942 ἒς
661 1902 822 1945 primum
838 1900 873 1935 S.
886 1903 963 1934 107.

216 1954 247 1992 8,
274 1952 351 1983 tert.
380 1948 413 1983 S.
428 1953 570 1983 109.14.
607 1951 610 1992 Ι
653 1952 683 1984 8.
725 1949 758 1983 si
785 1946 964 1982 ‘nemlich

215 1997 348 2030 wenn'.
373 1997 378 2040 Ι
401 1997 714 2031 existimabimur
733 1995 872 2031 S.66.8.
899 1997 902 2037 Ι
932 1997 963 2037 9,

218 2047 271 2086 13,
288 2046 329 2077 18
341 2055 392 2086 sq.
416 2042 966 2086 prud„Z.2liwteNey.u.dafsir

215 2090 353 2124 wieder
368 2090 400 2124 S.
416 2094 490 2124 109.
511 2095 591 2134 lsq.
625 2091 736 2133 prud.
772 2089 873 2126 S.91.
896 2092 927 2123 8.
959 2087 962 2133 Ι

216 2141 267 2179 et,
313 2137 347 2172 Z.
380 2141 422 2171 14
461 2141 580 2172 autem
620 2136 653 2171 S.
676 2140 730 2171 84.
755 2141 786 2170 2.
848 2139 852 2178 Ι
910 2141 964 2171 10.

217 2194 337 2228 quosq.
356 2183 389 2219 S.
403 2188 434 2218 9.
451 2188 481 2218 3.
507 2187 510 2225 Ι
537 2188 589 2218 12.
617 2185 739 2227 eoepecl.
757 2183 791 2217 S.
807 2187 862 2217 52.
879 2187 933 2219 24.
960 2181 963 2225 Ι

218 2242 261 2265 ex
299 2234 403 2275 temp.
443 2230 558 2265 heisst
598 2231 691 2265 ‘den
726 2230 965 2275 augenblick-

217 2277 341 2312 lichen
410 2277 639 2312 Umstanden
697 2278 967 2320 entsprechend

219 2325 315 2359 ohne
330 2324 425 2359 viele
438 2324 745 2369 Verbereitung⁷3
773 2324 824 2357 III
840 2328 883 2358 32
899 2335 966 2367 ex,

220 2371 325 2406 S.22.
345 2376 397 2406 12.
432 2373 436 2411 Ι
470 2375 524 2405 14.
561 2375 592 2405 et
617 2371 702 2414 fidis
721 2371 844 2405 haben
870 2371 966 2406 viele

218 2419 397 2463 Herausg.
426 2417 648 2463 gestrichen‚
678 2417 762 2452 weil
790 2429 859 2452 nur
890 2429 964 2453 von

219 2465 365 2510 Klugen
398 2465 475 2499 und
515 2465 722 2500 Gerechten
767 2464 825 2498 die
864 2465 965 2500 Rede

220 2513 273 2547 sei
304 2512 380 2546 und
413 2523 451 2546 es
484 2512 650 2546 thoricht
682 2511 735 2546 sei
767 2523 811 2545 zu
838 2523 965 2556 sagen,

220 2558 299 2593 dass
313 2559 398 2601 fidis
412 2560 499 2601 fides
512 2560 673 2593 habetur.
701 2558 801 2592 Aber
824 2558 966 2593 ‘zuver·

219 2606 336 2650 lassig
351 2606 442 2640 sein'
459 2606 534 2640 und
549 2606 748 2640 ‘Zutrauen
759 2605 963 2650 geniefsen’

222 2653 271 2687 ist
314 2652 506 2688 zweierlei.
578 2652 651 2688 Der
701 2655 796 2687 erste
840 2652 967 2687 Grund

221 2703 318 2733 w‘are
346 2699 581 2745 stichhaltig‚
617 2711 723 2735 wenn
749 2699 819 2734 mit
840 2703 871 2733 et
883 2700 968 2742 fidis

223 2746 305 2780 eine
328 2746 439 2781 dritte
454 2746 608 2791 Tugend
629 2747 846 2781 bezeichnet
859 2749 968 2781 ware.

222 2794 321 2827 Aber
336 2794 614 2835 fundamentum
633 2798 683 2828 est
701 2795 865 2828 iustitiae
883 2793 970 2837 fides

159 2844 163 2850 ¹
224 2839 281 2883 (S.
312 2844 364 2875 18.
389 2841 447 2884 7),
491 2840 551 2875 die
584 2841 742 2875 homines
772 2842 862 2875 iusti
888 2840 969 2875 sind

224 2887 303 2922 also
331 2898 375 2922 eo
400 2887 482 2931 ipso
510 2887 605 2923 auch
630 2888 707 2933 fidi,
733 2887 808 2922 und
823 2887 887 2922 der
901 2887 969 2921 Zu-

1037 1572 1115 1606 satz
1134 1571 1184 1605 ist
1204 1572 1340 1606 ebenso
1358 1570 1619 1616 zweckm‘assig
1636 1571 1706 1606 wie
1721 1571 1787 1606 der

1036 1629 1110 1653 von
1129 1619 1169 1653 id
1188 1622 1238 1653 est
1253 1619 1356 1653 bonis
1366 1619 1456 1653 viris
1466 1617 1787 1664 gewissermassen

1038 1665 1094 1699 als
1131 1664 1404 1711 Begrfindung‚
1449 1675 1589 1700 warum
1624 1665 1683 1700 die
1716 1665 1785 1700 Ge-

1037 1712 1190 1746 rechten
1226 1713 1410 1747 Zutrauen
1444 1712 1656 1747 verdienen.
1690 1715 1694 1755 Ι
1728 1713 1786 1747 bo-

1038 1760 1097 1793 m's
1127 1760 1218 1794 viris
1245 1759 1279 1793 S.
1295 1763 1348 1794 16.
1366 1763 1419 1794 10.
1470 1761 1474 1802 Ι
1524 1760 1579 1794 ita
1604 1779 1648 1784 —
1674 1763 1716 1794 ut
1741 1779 1785 1785 -—

1041 1806 1229 1848 ‘insoferm
1255 1806 1292 1840 in
1312 1807 1377 1840 der
1395 1806 1608 1852 Beziehung
1628 1827 1684 1850 —-,
1705 1806 1786 1841 dass

1038 1853 1089 1887 sie
1115 1853 1219 1887 nicht
1239 1853 1324 1887 dem
1344 1852 1554 1888 Verdachte
1574 1854 1789 1898 ausgesetzt

1038 1899 1120 1934 sind
1146 1900 1219 1934 —'.
1270 1899 1334 1934 Ita
1365 1900 1583 1935 bezeichnet
1620 1912 1668 1935 an
1706 1900 1787 1934 sich

1037 1947 1160 1981 weder
1185 1947 1292 1982 einen
1317 1947 1441 1982 hohen
1466 1948 1562 1982 noch
1588 1947 1697 1982 einen
1723 1959 1785 1992 ge-

1037 1994 1168 2038 ringen
1196 1993 1294 2028 Grad
1320 1994 1416 2029 noch
1441 1995 1654 2039 uberhaupt
1679 1994 1786 2029 einen

1039 2040 1149 2085 Grad,
1177 2042 1336 2076 sondern
1360 2041 1540 2086 lediglich
1554 2041 1614 2076 die
1629 2042 1696 2076 Art
1709 2041 1785 2075 und

1037 2088 1175 2129 Weise,
1202 2087 1262 2122 die
1283 2088 1322 2132 je
1347 2088 1444 2122 nach
1469 2088 1541 2123 den
1555 2088 1786 2123 Umst'anden

1039 2135 1120 2169 eine
1129 2134 1363 2169 Einschr'ank
1369 2146 1443 2179 ung
1454 2136 1542 2170 oder
1552 2135 1634 2170 eine
1645 2135 1785 2179 Steige-

1039 2194 1133 2226 rung
1159 2182 1198 2215 in
1224 2182 1302 2216 sich
1329 2181 1528 2216 schliessen
1553 2181 1653 2216 kann
1680 2181 1736 2226 (S.
1752 2186 1785 2217 9.

1041 2234 1071 2271 3,
1100 2232 1154 2263 57.
1184 2232 1221 2270 8;
1250 2232 1303 2263 55.
1333 2229 1414 2273 17),
1441 2228 1522 2263 hier
1542 2228 1669 2263 beides
1697 2228 1786 2264 oder

1040 2276 1157 2310 keins.
1209 2275 1257 2309 Es
1283 2275 1333 2309 ist
1359 2276 1419 2310 ein
1444 2275 1562 2310 hoher
1587 2275 1687 2310 Grad
1712 2287 1786 2311 von

1040 2323 1263 2365 Vertrauen,
1305 2333 1413 2357 wenn
1438 2333 1524 2357 man
1547 2322 1701 2367 jemand
1727 2323 1787 2357 fiir

1041 2370 1226 2404 durchaus
1248 2368 1391 2403 ehrlich
1411 2369 1502 2413 halt,
1524 2380 1561 2404 es
1575 2369 1677 2404 kann
1696 2369 1786 2404 aber

1041 2416 1136 2451 auch
1153 2416 1233 2450 eine
1248 2415 1557 2461 Einsehrankung
1571 2417 1658 2459 sein,
1680 2427 1787 2451 wenn

1037 2475 1125 2498 man
1150 2462 1216 2498 ihn
1241 2475 1309 2497 nur
1336 2463 1394 2498 fiir
1413 2463 1519 2498 einen
1540 2463 1787 2498 Biedermann

1038 2511 1137 2553 halt,
1178 2511 1274 2545 ohne
1300 2510 1377 2545 ihm
1404 2523 1431 2545 z.
1453 2510 1493 2546 B.
1520 2510 1593 2545 viel
1625 2510 1786 2555 Energie

1040 2558 1129 2592 oder
1137 2557 1554 2600 Einsichtzuzutrauem
1570 2557 1783 2602 11140a.ex.1

1043 2609 1094 2640 15.
1122 2605 1271 2647 fraudis
1297 2625 1341 2630 ——
1366 2615 1463 2648 susp.
1492 2604 1658 2639 S.61.13.
1695 2606 1699 2648 Ι
1739 2606 1787 2639 sit

1039 2653 1080 2686 in
1118 2653 1166 2686 iis
1198 2673 1243 2676 —
1275 2662 1373 2696 susp.
1395 2651 1447 2686 III
1466 2655 1511 2686 86
1523 2663 1554 2686 a.
1569 2662 1623 2686 ex.
1649 2652 1787 2696 opinio,

1044 2702 1112 2733 104
1137 2702 1260 2734 metus.
1294 2700 1298 2742 Ι
1335 2703 1389 2735 16.
1415 2699 1547 2734 reetiss.
1577 2698 1611 2733 S.
1628 2702 1682 2733 75.
1699 2702 1755 2733 21.
1779 2698 1782 2744 Ι

1043 2750 1097 2779 21.
1126 2749 1175 2780 est
1199 2746 1267 2781 hat
1297 2758 1367 2781 nur
1400 2745 1482 2780 eine
1515 2745 1581 2780 der
1611 2746 1787 2780 besseren

1042 2791 1198 2827 Hdschr.
1225 2791 1294 2827 Die
1307 2793 1465 2828 meisten
1472 2791 1651 2836 Herausg.
1662 2792 1787 2827 lassen

1043 2850 1080 2874 es
1094 2838 1288 2874 vielleicht
1301 2839 1498 2874 mitRecht
1511 2839 1602 2882 fort;
1623 2838 1658 2873 S.
1672 2844 1723 2874 16.
1735 2843 1765 2874 9.
1779 2838 1783 2884 Ι

1042 2887 1129 2921 detr.
1159 2885 1192 2922 S.
1210 2889 1332 2921 91.19.
1374 2889 1380 2930 Ι
1428 2887 1598 2931 opinione
1617 2886 1722 2931 prob.
1750 2885 1785 2922 S.
