1875 3214
93 194 146 237 21

167 83 250 126 178

821 83 886 119 DE
913 84 1115 121 OFFICIIS

287 193 427 244 Quid‘?
475 194 546 249 qui
581 194 725 236 omnia
758 198 876 237 recta
908 199 952 237 et
983 195 1167 238 honesta
1198 195 1449 252 neglegunt,
1479 196 1582 240 dum
1614 198 1745 242 modo

164 254 405 310 potentiam
448 258 786 309 consequantur,
829 270 972 298 nonne
1017 255 1130 297 idem
1175 255 1360 311 faciunt,
1405 256 1521 311 quod
1564 257 1619 312 is,
1669 259 1744 314 qui

164 315 295 356 etiam
329 328 524 357 socerum
556 314 715 356 habere
749 315 881 357 voluit
915 330 1031 367 eum,
1075 316 1195 358 cuius
1234 316 1326 371 ipse
1365 316 1547 359 audacia
1586 319 1743 373 potens

165 374 308 417 esset?

371 374 487 417 Utile
521 375 559 416 ei
594 374 825 418 videbatur
858 375 1093 430 plurimum
1126 390 1255 431 posse
1282 376 1460 419 alterius
1486 376 1670 431 invidia3
1700 378 1744 421 id

164 450 290 490 quam
323 435 530 477 iniustum
563 435 610 476 in
643 436 831 491 patriam
865 440 908 478 et
941 451 1070 492 quam
1103 439 1227 491 turpe
1255 439 1392 492 esset,
1436 451 1524 479 non
1555 433 1781 481 videbatgs

163 494 262 550 Ipse
295 499 439 537 autem
466 509 586 537 socer
618 495 662 536 in
694 510 767 538 ore
800 510 969 552 semper
1002 496 1188 539 Graecos
1223 510 1374 538 versus
1407 496 1458 539 de
1486 496 1742 541 Phoenissis

162 555 364 609 habebat,
395 570 502 611 quos
535 554 688 610 dicam,
721 559 769 598 ut
801 560 964 611 potero,
997 556 1217 598 incondite
1250 557 1447 613 fortasse,
1481 557 1555 600 sed
1581 560 1746 614 tamen,

162 619 209 657 ut
242 630 311 657 res
345 616 484 670 possit
515 616 729 672 intellegi:

222 674 347 717 Nam
381 674 427 717 si
456 675 752 718 violandum
787 679 865 719 est
897 677 993 731 iiis,
1036 676 1290 731 regnandi
1325 676 1498 732 gratia

223 735 533 778 Violaindum
567 739 662 790 est,
696 737 816 778 aliis
850 737 1002 778 re'bus
1036 736 1286 791 pietatem
1319 736 1473 779 colas.

163 794 371 851 Capitalis
406 796 623 849 [Eteocles
657 797 722 838 vel
756 797 900 851 potius
934 795 1203 851 Euripides]‚
1245 799 1318 851 qui
1358 795 1402 838 id
1434 811 1586 852 unum,
1631 797 1745 853 quod

103 867 147 899 83
164 856 357 898 omnium
392 856 773 899 sceleratissimum
807 856 949 911 fuerit,
982 856 1221 912 exceperit!
1263 855 1372 906 Quid
1406 856 1542 913 igitur
1574 856 1745 900 minuta

165 917 429 973 colligimus,
466 916 750 971 hereditates,
790 920 1073 972 mercaturas,
1106 915 1379 959 venditiones
1413 916 1743 960 fraudulentas?

162 990 257 1019 ecce
290 977 382 1031 tibi,
416 977 488 1031 qui
522 991 596 1018 rex
624 976 774 1031 populi
804 976 986 1019 Romani
1013 976 1298 1032 dominusque
1324 977 1519 1019 omnium
1545 977 1743 1034 gentium

163 1051 255 1078 esse
289 1036 586 1092 concupiverit
618 1036 745 1092 idque
778 1037 1021 1092 perfecerit!
1071 1036 1195 1080 Hanc
1229 1037 1513 1092 cupiditatem
1545 1037 1581 1079 si
1613 1037 1742 1080 hone·
1765 1048 1800 1075 1⁵

163 1100 274 1138 stam
303 1097 398 1152 quis
432 1111 525 1138 esse
559 1097 681 1150 (licit,
715 1111 863 1139 amens
897 1101 981 1152 est3
1027 1097 1183 1152 probat
1215 1097 1329 1139 enim
1362 1097 1507 1154 legum
1541 1102 1584 1139 et
1614 1097 1743 1140 liber-

161 1157 264 1198 tatis
292 1157 516 1198 interitum
545 1171 776 1212 earumque
804 1157 1130 1213 oppressionem
1157 1159 1345 1199 taetram
1372 1160 1416 1199 et
1441 1156 1743 1200 detestabilem

161 1217 396 1273 gloriosam
430 1220 568 1272 putat.

633 1216 714 1266 Qui
748 1222 892 1259 autem
925 1218 1089 1260 fatetur
1121 1217 1354 1260 honestum
1386 1231 1475 1260 non
1502 1231 1594 1260 esse
1620 1217 1666 1259 in
1693 1232 1744 1260 ea

162 1277 354 1328 civitate,
395 1291 503 1332 quae
537 1277 672 1319 libera
706 1277 835 1319 fuerit
869 1292 1063 1333 quaeque
1097 1291 1189 1319 esse
1223 1277 1395 1332 debeat,
1435 1290 1635 1332 regnare,
1668 1277 1743 1320 sed

161 1339 211 1391 ei,
247 1338 319 1392 qui
353 1336 395 1378 id
429 1336 570 1379 facere
604 1338 754 1392 possit,
788 1352 879 1380 esse
914 1338 1030 1389 utile,
1063 1352 1147 1393 qua
1179 1338 1293 1379 hunc
1326 1337 1632 1394 obiurgatione
1665 1340 1741 1380 aut
1761 1348 1797 1374 20

162 1412 245 1453 quo
292 1398 436 1452 potius
483 1397 675 1439 convicio
717 1413 741 1439 a
780 1402 904 1440 tanto
952 1412 1096 1440 errore
1137 1411 1267 1440 coner
1312 1396 1527 1440 avellere?

1590 1396 1745 1440 Potest

161 1458 295 1512 enim,
328 1457 369 1499 di
403 1457 694 1500 immortales!
753 1459 950 1514 cuiquam
986 1472 1078 1500 esse
1112 1458 1216 1499 utile
1250 1456 1547 1499 foedissimum
1580 1459 1624 1500 et
1653 1459 1743 1500 tae-

160 1518 385 1559 terrimum
418 1517 695 1572 parricidium
723 1518 907 1573 patriae,
947 1518 1144 1574 quamvis
1177 1517 1234 1572 is,
1273 1519 1347 1573 qui
1387 1531 1431 1559 se
1472 1531 1522 1560 eo
1556 1517 1742 1560 obstrin-

160 1578 283 1633 xerit,
300 1577 353 1619 ab
370 1578 588 1633 oppressis
604 1578 771 1620 civibus
788 1592 945 1633 parens
961 1578 1236 1621 nominetur?
1265 1577 1506 1620 Honestate
1523 1577 1659 1634 igitur
1673 1577 1742 1620 de-

164 1719 410 1766 Verinu'tung,
427 1719 507 1755 dass
522 1719 587 1755 der
605 1719 691 1754 Satz
711 1720 809 1766 Quid
822 1721 918 1756 enim

166 1789 204 1794 —
223 1768 376 1804 beluae?
417 1769 511 1802 statt
538 1767 663 1802 hinter
689 1769 917 1803 detraxerit

158 1816 283 1851 binter
316 1817 523 1861 eoeeeperit
551 1815 676 1851 Sus.
695 1819 736 1850 12
771 1816 916 1861 gehort.

162 1864 265 1906 Dort,
287 1864 393 1900 nicht
413 1863 505 1907 hier,
526 1863 575 1898 ist
596 1874 670 1899 von
695 1864 761 1899 der
789 1865 917 1899 imma-

160 1924 183 1947 u
190 1913 262 1948 itas
271 1913 404 1955 beluae,
415 1912 499 1947 dem
509 1911 718 1957 Tyrannen,
733 1912 793 1947 die
802 1912 916 1948 Rede.

257 1964 288 1995 2.
333 1961 381 2004 is,
419 1961 483 2005 qui
528 1981 571 1985 —
604 1959 815 2006 Pompejus.
868 1959 918 1995 Er

162 2009 348 2044 heiratete
375 2020 407 2043 a.
425 2011 468 2043 59
496 2007 535 2042 in
563 2008 703 2043 seinem
726 2011 781 2043 48.
803 2008 919 2044 Jahre

163 2057 228 2092 des
269 2061 288 2092 6
313 2056 345 2092 J.
381 2057 567 2102 jungeren
607 2055 720 2091 Casa-r
755 2056 919 2092 Tochter

161 2104 278 2149 Julia,
307 2104 366 2140 die
401 2103 540 2140 bereits
572 2104 720 2140 verlobt
745 2115 919 2150 gewesen

162 2163 249 2187 war.
297 2155 302 2195 Ι
351 2157 381 2188 6.
424 2163 545 2187 versus
571 2153 614 2188 de
642 2152 855 2188 Phoenissis
882 2153 915 2188 S.

162 2204 217 2235 19.
235 2204 290 2235 ⁵20.
343 2199 428 2235 Eur.
457 2199 595 2235 Phoen.
619 2204 688 2234 524
713 2201 817 2245 εἴπερ
845 2198 917 2245 γὰρ

164 2245 313 2284 ἀδικεῖν
343 2245 424 2292 χρή,
451 2249 678 2292 τυραννίδος
703 2247 791 2293 πέρι
817 2246 915 2283 Κάλ-

160 2299 282 2331 λιστον
316 2292 486 2338 ἀδικεῖν,
521 2292 635 2330 τᾶλλα
669 2292 702 2330 δ’
740 2293 915 2342 εὐσεβεῖν

161 2342 291 2390 χρεών.
334 2346 338 2387 Ι
378 2344 421 2379 cle
450 2344 706 2378 ‘entnommen
732 2344 813 2379 aus’
842 2344 915 2379 wie

159 2392 198 2427 in
232 2392 334 2427 homo
366 2392 408 2427 de
436 2392 556 2436 plebe,
583 2402 681 2426 unus
713 2392 756 2426 de
791 2392 916 2427 multis

164 2439 220 2485 (S.
235 2441 387 2484 6119),
413 2438 601 2475 identisoh
627 2439 698 2474 mit
719 2439 802 2474 dem
830 2451 914 2485 par-

160 2488 294 2523 titiven
309 2489 351 2524 de
373 2488 429 2532 (S.
443 2489 584 2533 107.8)‚
599 2488 670 2522 wie
691 2487 752 2522 bei
765 2498 914 2532 sumere,

162 2547 298 2581 capere,
326 2547 446 2579 emere,
478 2536 626 2580 eripere,
671 2536 835 2581 arripere
858 2535 913 2579 (S.

163 2586 324 2628 181.13),
342 2585 471 2619 audire
486 2586 653 2627 (1751),
669 2584 768 2626 clare,
783 2584 915 2628 imper-

161 2633 230 2667 tire
245 2635 346 2676 (118.
366 2634 442 2676 19),
469 2632 546 2666 und
558 2630 694 2666 darauf
705 2631 798 2677 geht
813 2631 914 2666 wohl

164 2680 260 2715 auch
275 2690 494 2725 coynoseere,
509 2690 691 2725 quaerere,
711 2680 828 2715 dicere
844 2681 912 2715 etc.

162 2728 345 2773 (aliquid)
384 2728 426 2763 de
464 2728 593 2773 aliqua
634 2739 674 2763 re
711 2727 859 2763 zuriick.
904 2727 909 2773 Ι

159 2778 191 2810 8.
218 2786 275 2810 res
288 2775 478 2812 S.107.11.
517 2778 522 2821 Ι
558 2780 611 2810 11.
640 2776 694 2810 vel
712 2779 789 2820 pot.
813 2775 910 2811 Eur.

158 2823 208 2858 ist
228 2823 507 2858 unzweifelhaft
527 2823 587 2858 ein
611 2823 821 2859 thorichter
841 2823 913 2858 Zu-

161 2872 254 2914 sat23
289 2871 344 2906 als
371 2871 417 2906 ob
444 2871 523 2906 dies
550 2871 611 2906 die
636 2870 818 2916 Meinung
846 2871 911 2906 des

158 2918 245 2954 Eur.
263 2929 434 2965 gewesen
447 2922 556 2956 ware.
585 2918 912 2954 Wahrscheinlich

992 1719 1040 1754 ist
1051 1719 1141 1755 aber
1149 1719 1245 1754 auch
1253 1718 1391 1754 Eteocl.
1400 1719 1548 1754 unecht.
1569 1718 1638 1755 Die
1647 1719 1734 1755 Per-

992 1779 1060 1803 son
1072 1767 1109 1802 in
1119 1767 1192 1802 den
1199 1766 1314 1802 Phon.
1324 1765 1376 1801 ist
1384 1766 1653 1813 gleichgiiltig;
1668 1777 1742 1803 von

992 1815 1077 1850 Cas.
1098 1815 1174 1850 und
1195 1814 1332 1850 seinem
1356 1813 1458 1849 Citat
1476 1814 1528 1850 ist
1546 1814 1606 1850 die
1626 1814 1741 1860 Rede,

991 1863 1067 1898 und
1106 1864 1197 1898 statt
1231 1862 1365 1898 dessen
1403 1861 1475 1898 den
1511 1862 1658 1898 Eteokl.
1698 1875 1742 1898 zu

992 1910 1161 1946 schelten
1187 1913 1285 1946 ware
1312 1909 1387 1946 Cic.
1413 1909 1546 1956 gewirs
1570 1911 1678 1946 nicht
1702 1911 1743 1946 in

992 1959 1062 1995 den
1085 1958 1175 1994 Sinn
1195 1958 1430 2003 gekommen.
1461 1960 1466 2003 Ι
1497 1962 1551 1994 12.
1575 1959 1693 2003 fuerit
1705 1971 1742 1995 u.

993 2019 1112 2053 excep.
1147 2007 1326 2043 S.140.2.
1369 2009 1373 2051 Ι
1423 2010 1466 2042 14
1481 2018 1534 2052 sq.
1567 2017 1643 2043 eece
1673 2007 1744 2043 tibi

993 2058 1053 2099 (so
1075 2055 1206 2101 oster),
1232 2055 1296 2100 qui
1315 2064 1465 2100 concup.
1484 2055 1569 2090 sehr
1588 2054 1743 2090 'ahnlich

993 2103 1078 2139 dem
1115 2104 1203 2139 haee
1245 2107 1349 2146 sunt,
1393 2114 1486 2149 quae
1528 2103 1744 2139 conturbent

992 2152 1026 2187 S.
1046 2154 1191 2187 176.18.
1222 2153 1227 2195 Ι
1267 2155 1323 2186 21.
1350 2151 1555 2186 convicium
1567 2150 1618 2186 ist
1635 2150 1743 2186 nicht

994 2199 1280 2245 ‘Schmahung’,
1320 2198 1479 2234 sondern
1519 2198 1742 2244 ‘dringende

990 2247 1212 2292 Mahnung’.
1239 2247 1342 2282 Fam.
1357 2246 1426 2281 XII
1440 2249 1485 2282 25
1500 2250 1520 2281 2
1546 2246 1598 2281 ist
1616 2247 1741 2282 iustis-

989 2297 1121 2330 simum
1143 2295 1501 2340 honestissimumque
1526 2294 1741 2338 conviciwm,

990 2354 1066 2378 was
1103 2343 1238 2378 vorher
1271 2342 1563 2387 compellationes
1595 2340 1702 2378 hiess.
1734 2342 1739 2389 Ι

989 2394 1045 2426 23.
1073 2402 1215 2436 quamv.
1233 2389 1388 2426 S.26.18.
1419 2392 1424 2435 Ι
1452 2390 1690 2426 obstrinxerit
1704 2389 1740 2426 S.

989 2441 1280 2474 9827114402.
1311 2441 1315 2484 Ι
1345 2441 1401 2474 24.
1433 2449 1582 2484 parens.
1610 2436 1743 2474 Dieser

990 2486 1100 2530 Titel,
1121 2487 1194 2522 den
1213 2486 1295 2521 Cas.
1317 2487 1431 2522 sehon
1459 2486 1518 2521 bei
1538 2485 1741 2521 Lebzeiten

989 2535 1165 2578 annahm,
1185 2534 1262 2570 und
1281 2534 1353 2570 den
1370 2534 1548 2580 ‘oppressi
1558 2533 1744 2570 cives'aut’

990 2582 1072 2618 eine
1104 2583 1225 2618 solida
1260 2583 1429 2618 columna
1456 2592 1572 2627 prope
1603 2581 1741 2627 viyinti

982 2631 1119 2676 pedum
1165 2631 1303 2676 lapidis
1340 2630 1536 2665 Numidici
1572 2629 1615 2665 in
1657 2630 1740 2674 foro

990 2680 1133 2714 setzten
1166 2678 1287 2722 (Suet.
1315 2689 1345 2714 c.
1361 2679 1444 2723 85),
1470 2676 1637 2713 vei-dress
1663 2676 1738 2712 Cic.

986 2736 1080 2772 ganz
1091 2725 1305 2770 besonders,
1315 2726 1380 2761 der
1389 2726 1496 2761 nicht
1508 2725 1632 2770 wenig
1643 2724 1738 2759 stolz

987 2773 1124 2809 darauf
1135 2785 1306 2820 gewesen
1319 2784 1408 2818 war,
1420 2773 1478 2809 bis
1492 2772 1608 2808 dahin
1621 2771 1738 2808 allein

987 2821 1113 2857 diesen
1158 2821 1422 2857 Ehrennamen
1470 2819 1642 2856 erhalten
1691 2831 1738 2855 zu

986 2869 1119 2905 haben.
1164 2871 1168 2913 Ι
1222 2869 1492 2915 deri9.scheint
1504 2868 1564 2904 die
1575 2867 1737 2913 richtige

988 2917 1256 2953 Schreibweise
1273 2929 1317 2952 zu
1338 2917 1426 2961 sein,
1440 2927 1548 2952 wenn
1562 2915 1660 2952 auch
1675 2915 1738 2951 die
