1923 3213
532 685 594 733 M.
636 684 830 732 TULLI
869 683 1207 733 CICERONIS

247 797 345 854 DE
389 796 690 854 OFFICIIS
736 797 833 853 AD
880 797 1189 853 MARCUM
1233 796 1486 852 FILIUM

646 924 821 967 LIBER
860 923 1091 968 PRIMUS.

194 1094 466 1150 Quamquam
488 1097 543 1149 te,
563 1093 708 1136 Marce
729 1094 803 1147 fili,
831 1097 993 1135 a'nnum
1016 1094 1101 1136 iam
1125 1093 1373 1136 audientem
1395 1093 1656 1151 Cratippum

73 1215 253 1272 sophiae
299 1218 477 1272 propter
524 1229 740 1257 summam
786 1218 828 1256 et
868 1213 1059 1257 doctoris
1101 1216 1411 1258 auctoritatem
1453 1219 1497 1259 et
1538 1216 1669 1271 urbis,

73 1291 257 1332 quorum
285 1276 395 1318 alter
426 1279 470 1318 te
498 1275 680 1318 scientia
709 1289 869 1331 augere
897 1278 1056 1331 potest,
1091 1276 1229 1318 altera
1257 1276 1480 1332 exemplis,
1507 1279 1668 1330 tamen,

37 1347 55 1374 5
75 1339 124 1379 ut
155 1337 250 1392 ipse
283 1336 338 1378 ad
370 1350 511 1378 meam
544 1336 784 1378 utilitatem
818 1350 989 1391 semper
1022 1351 1119 1378 cum
1155 1335 1333 1379 Graecis
1367 1336 1524 1379 Latina
1569 1352 1669 1380 con-

73 1397 196 1440 iunxi
239 1411 381 1453 neque
426 1396 470 1439 id
514 1397 560 1438 in
598 1395 882 1452 philosophia
921 1396 1085 1451 solum,
1126 1397 1200 1439 sed
1240 1398 1372 1440 etiam
1413 1399 1458 1439 in
1500 1398 1669 1441 dicendi

74 1458 384 1501 exercitatione
425 1457 524 1512 feci,
563 1456 677 1499 idem
716 1456 798 1498 tibi
837 1472 992 1500 censeo
1032 1457 1303 1513 faciendum,
1336 1462 1385 1500 ut
1416 1473 1497 1514 par
1530 1459 1589 1501 sis
1623 1459 1670 1500 in

72 1518 300 1574 utriusque
340 1517 551 1561 orationis
590 1517 816 1560 facultate.

888 1517 1027 1567 Quam
1068 1518 1243 1574 quidem
1284 1519 1337 1561 ad
1370 1533 1461 1561 rem
1495 1534 1588 1574 nos,
1622 1522 1671 1562 ut

74 1578 285 1634 videmur,
317 1592 528 1633 magnum
557 1577 783 1620 attulimus
812 1578 1112 1620 adiumentum
1139 1578 1392 1621 hominibus
1419 1581 1597 1635 nostris,
1625 1582 1671 1622 ut

28 1651 62 1676 10
82 1653 171 1682 non
209 1639 339 1682 modo
379 1638 645 1682 Graecarum
677 1639 923 1681 litterarum
962 1639 1110 1693 rudes,
1150 1640 1224 1682 sed
1265 1639 1396 1682 etiam
1436 1640 1552 1683 docti
1593 1640 1671 1682 ali-

75 1701 288 1756 quantum
314 1714 360 1742 se
388 1699 656 1742 arbitrentur
683 1698 864 1754 adeptos
899 1702 941 1742 et
975 1699 1028 1742 ad
1062 1699 1293 1742 dicendum
1321 1702 1363 1742 et
1392 1700 1445 1743 ad
1478 1701 1671 1744 iudican-

76 1760 189 1803 dum.
241 1759 381 1810 Quam
415 1760 470 1803 ob
503 1774 595 1802 rem
627 1759 766 1802 disces
800 1764 848 1802 tu
877 1760 1048 1816 quidem
1078 1775 1103 1802 a
1129 1761 1326 1816 principe
1352 1761 1482 1803 huius
1511 1762 1669 1804 aet-atis
1693 1773 1713 1804 2

74 1820 453 1876 philosophorum,
486 1823 530 1863 et
557 1820 708 1875 disces,
735 1835 865 1876 quam
893 1821 965 1862 diu
993 1821 1114 1863 voles
1143 1819 1254 1879 (tam
1283 1821 1355 1864 diu
1385 1824 1531 1864 autem
1558 1822 1670 1865 velle

75 1881 269 1937 debebis,
290 1882 432 1937 quoad
453 1884 510 1936 te,
531 1883 743 1937 quantum
764 1881 980 1936 proficias,
1006 1896 1096 1924 non
1116 1880 1398 1939 paenitebit),
1428 1882 1504 1925 sed
1525 1886 1674 1926 tamen

124 2014 157 2048 2.
178 2022 302 2057 praec.
330 2012 547 2058 institutisq.
565 2012 672 2058 ‘gnte
686 2011 833 2047 Lehren

75 2059 153 2094 und
165 2059 533 2105 Unterweisungen’,
548 2059 649 2095 wohl
665 2060 831 2095 absicht-

74 2107 152 2143 lich
171 2107 210 2142 in
227 2107 496 2154 umgekehrter
506 2106 757 2154 Reihenfolge
778 2107 833 2144 als

75 2156 176 2192 Lael.
214 2159 257 2191 13
289 2167 463 2202 maynam
498 2155 694 2192 Graeciam
726 2157 832 2191 insti-

75 2204 167 2241 tutis
197 2207 231 2240 et
255 2205 464 2250 praeceptis
495 2206 572 2240 suis
597 2205 832 2249 erudierunt3

75 2252 194 2298 vergl.
223 2251 258 2289 S.
284 2256 318 2288 4.
345 2256 367 2288 5
393 2254 536 2289 tradita
563 2256 596 2288 et
620 2257 830 2298 praecepta,

77 2312 106 2336 Ζ.
136 2300 172 2336 S.
195 2304 250 2336 10.
274 2304 330 2345 16,
350 2300 404 2335 ΙΙΙ
421 2305 487 2337 121
501 2312 556 2339 ex.
580 2304 584 2345 Ι
609 2306 640 2336 5.
657 2302 707 2337 ad
719 2312 835 2337 meam

75 2349 158 2385 util.
197 2349 304 2385 nicht
346 2349 474 2395 gleieh
516 2361 598 2385 cum
635 2361 714 2385 mea
751 2351 833 2386 util.

76 2397 113 2432 Π
139 2400 184 2432 85
205 2408 261 2434 ex.
288 2397 322 2443 (Ι
349 2401 418 2433 137
442 2409 498 2433 ex.
519 2409 602 2434 cum
627 2399 834 2443 inrisione).

75 2444 204 2491 Vergl.
220 2446 328 2482 Taso.
348 2446 402 2481 IV
409 2449 456 2481 44
468 2457 583 2493 glenus
602 2447 772 2482 libidinis
786 2448 836 2482 ad

76 2503 258 2529 summam
282 2494 481 2530 utilitatem
502 2507 526 2530 a
544 2498 686 2530 natura
704 2495 835 2531 datum

78 2541 150 2577 mit
174 2541 251 2578 div.
267 2541 285 2576 Ι
300 2545 368 2577 116
387 2554 453 2578 nec
470 2543 597 2590 fruyes
616 2546 734 2578 terrae
753 2554 836 2579 cum

77 2591 241 2626 utilitate
259 2591 340 2626 ulla
358 2592 483 2636 generi
501 2592 663 2627 humano
683 2592 838 2627 dedisset

79 2639 235 2684 (natura
253 2639 412 2683 divina),
430 2640 508 2675 nisi
521 2638 688 2683 —,N.D.
704 2639 740 2674 Π
756 2644 836 2685 151,

78 2686 179 2733 legg.
212 2686 248 2721 H
273 2690 338 2731 32,
376 2686 482 2723 Verr.
502 2689 519 2723 I
541 2691 620 2733 119,
658 2691 677 2731 ἓ
704 2691 749 2723 45
770 2701 839 2732 m.‚

79 2737 126 2770 85
145 2746 194 2771 m.
240 2735 304 2770 Ad
328 2746 405 2771 von
431 2735 517 2771 dem
543 2748 589 2771 zu
614 2735 840 2772 fordemden

79 2782 247 2827 Zwecke,
267 2782 339 2818 wie
357 2783 397 2819 in
411 2785 600 2830 pertinere
618 2785 668 2820 ad
694 2797 723 2821 z.
744 2784 762 2819 Ι
776 2789 838 2829 31;

81 2831 119 2866 Z.
131 2830 501 2877 11,S.8.1„1111m.,
522 2837 566 2868 23
583 2844 650 2878 ex„
665 2836 710 2868 38
721 2844 764 2880 Ρ...
778 2845 837 2878 m.‚

80 2881 123 2913 51
144 2891 181 2924 p.
208 2878 277 2924 in„
309 2880 364 2915 III
389 2884 454 2926 33,
481 2885 527 2917 24
553 2881 602 2916 in.
631 2884 688 2917 92.
739 2881 839 2916 Uber

80 2927 227 2963 utilitas
246 2927 282 2964 S.
305 2932 361 2964 15.
383 2931 403 2964 8
425 2930 517 2965 laus.
554 2932 559 2975 ί
594 2934 626 2965 7.
647 2930 741 2965 idem
768 2929 839 2964 mit

155 2992 285 3029 emano,
303 2994 341 3021 de
361 2995 442 3034 ogfic.

906 2012 1126 2059 Beziehung
1159 2013 1226 2048 auf
1254 2016 1296 2048 ut
1329 2013 1426 2049 auch
1454 2015 1570 2058 sonst,
1601 2014 1670 2049 wie

909 2060 1002 2096 Cato
1029 2073 1057 2097 r.
1085 2073 1113 2096 r.
1143 2065 1187 2096 77
1226 2062 1281 2097 ita
1319 2063 1377 2097 uti
1403 2062 1580 2106 placenta
1618 2063 1672 2107 fit,

908 2110 1031 2144 eadem
1044 2110 1170 2144 omnia
1189 2109 1314 2154 facito,
1338 2110 1436 2145 &fter
1455 2111 1563 2154 idem,
1576 2114 1620 2146 ut
1640 2112 1674 2146 si

907 2159 941 2201 (ἓ
954 2161 998 2192 42
1012 2160 1096 2202 ex.),
1110 2158 1171 2192 fin.
1187 2158 1239 2192 IV
1253 2161 1300 2193 34
1322 2158 1368 2194 Ut
1382 2158 1542 2194 Phidias
1550 2162 1673 2204 potest

908 2217 930 2241 a
951 2207 1077 2251 primo
1106 2207 1298 2242 instituere
1330 2207 1478 2253 siquam
1511 2227 1555 2232 —
1586 2208 1673 2243 huic

907 2254 1040 2290 similis
1060 2258 1112 2290 est
1130 2255 1327 2301 sapientia.
1362 2255 1489 2301 Vergl.
1509 2254 1612 2292 S.13.
1630 2260 1672 2291 12

909 2305 952 2338 ut
970 2303 1226 2349 quisque—is.
1252 2306 1255 2347 ξ
1279 2308 1312 2339 8.
1331 2303 1452 2350 Quam
1466 2304 1516 2339 ad
1530 2315 1671 2340 rem-.

909 2351 955 2387 N.
977 2350 1019 2386 D.
1041 2351 1056 2385 I
1081 2355 1101 2387 8
1123 2363 1178 2387 ex.
1218 2350 1298 2397 Quo
1317 2353 1359 2387 in
1378 2363 1506 2398 yenere
1526 2356 1671 2388 tantum

902 2400 1105 2444 profecisse
1129 2400 1315 2443 videmur,
1342 2404 1385 2435 ut
1406 2413 1429 2436 a
1450 2400 1603 2436 Graecis
1626 2412 1671 2436 ne

908 2448 1099 2483 verborum
1120 2448 1265 2494 quidem
1280 2449 1388 2493 copia
1404 2450 1642 2485 vinceremur.
1659 2448 1665 2495 l

911 2499 966 2531 10.
989 2495 1041 2531 Zu
1061 2497 1160 2532 docti
1178 2496 1228 2532 ist
1243 2496 1371 2532 Graec.
1394 2497 1548 2532 litterar.
1564 2496 1670 2532 nicht

909 2556 955 2579 zu
982 2547 1182 2590 erganzen,
1214 2544 1286 2580 wie
1312 2545 1430 2580 sehon
1456 2545 1516 2580 die
1542 2545 1668 2580 Wort-

913 2592 1079 2639 stellung
1098 2593 1216 2639 zeigt,
1232 2593 1395 2629 sondern
1409 2592 1504 2638 liegt
1522 2591 1562 2627 in
1582 2589 1686 2628 dem¹

913 2640 1044 2676 Worte
1091 2641 1217 2677 selbst.
1293 2640 1669 2677 Wissenschaftliche

914 2688 1080 2735 Bildung
1105 2701 1184 2724 war
1202 2700 1273 2724 nur
1293 2689 1411 2724 durch
1438 2689 1671 2735 griechische

914 2736 1053 2773 Lehrer
1077 2749 1122 2772 zu
1149 2737 1349 2772 erwerben.
1400 2737 1454 2772 Zu
1480 2741 1499 2781 ἓ
1521 2741 1589 2774 116
1609 2750 1671 2781 m.‚

917 2789 984 2821 147
1011 2785 1079 2828 in.,
1106 2785 1142 2819 II
1169 2789 1214 2820 60
1240 2797 1288 2819 m.
1325 2787 1330 2830 1
1367 2789 1423 2822 11.
1457 2786 1507 2821 ad
1535 2787 1571 2821 Z.
1600 2790 1632 2821 5.
1664 2787 1667 2830 ξ

917 2837 970 2868 14.
1003 2844 1114 2879 paen.
1154 2832 1232 2868 Att.
1272 2832 1342 2868 XII
1361 2836 1461 2869 282
1506 2834 1556 2870 in.
1596 2845 1669 2869 nori

906 2883 1146 2926 paenitetme,
1154 2884 1333 2926 quantum
1344 2882 1574 2927 profecerim,
1586 2882 1670 2916 ‘mit

912 2930 998 2964 dem
1034 2929 1208 2964 Resultat
1244 2929 1464 2967 zufriedcn'.
1524 2931 1671 2976 Wegen

1362 2995 1378 3024 1

1696 1074 1715 1114 1

72 1156 204 1212 idque
237 1155 438 1209 Athenis,
472 1154 693 1197 abundare
721 1157 893 1209 oportet
925 1155 1170 1209 praeceptis
1200 1154 1501 1210 institutisque
1528 1130 1669 1211 philos
1693 1134 1709 1165 1
