1891 3213
43 770 76 795 10

43 1068 75 1094 15

500 106 646 142 LIBER
669 106 732 141 ΠΙ.
784 106 946 151 CAR9,
976 110 1029 142 10.
1080 109 1272 149 §38—40.
1589 105 1673 147 157

97 219 160 261 dis
193 217 525 272 hominibusque
558 216 752 258 futurum
786 216 844 257 sit
877 230 1045 271 semper
1076 216 1288 272 ignotum,
1322 216 1435 258 sisne
1468 216 1673 259 facturus.

95 277 272 334 Negant
290 277 334 319 id
352 277 444 319 fieri
463 290 603 331 posse.
655 276 927 330 Quamquam
947 279 1093 330 potest
1118 276 1162 317 id
1188 276 1377 332 quidem,
1406 276 1479 318 sed
1501 291 1674 332 quaero,

96 338 210 394 quod
241 339 403 393 negant
426 351 566 391 posse,
591 336 635 378 id
662 336 698 378 si
718 339 876 391 posset,
903 335 1108 390 quidnam
1130 335 1332 378 facerent.
1382 335 1582 392 Urguent
1602 352 1674 378 ru-

98 398 202 440 stice
236 411 358 451 sane,
390 399 554 453 negant
588 396 702 438 enim
735 410 862 450 posse
895 398 938 437 et
970 395 1016 437 in
1047 409 1097 437 eo
1129 398 1349 450 perstant3
1380 396 1464 438 hoc
1495 397 1674 438 verbum

98 457 201 514 quid
232 457 385 510 valeat,
417 471 506 498 non
538 456 695 498 vident.
759 454 867 498 Cum
901 456 1015 497 enim
1048 456 1307 510 quaerimus,
1341 456 1375 498 si
1405 457 1541 498 celare
1574 471 1674 511 pos-

99 518 204 572 sint,
261 516 361 572 quid
410 515 569 558 facturi
619 516 729 570 sint,
783 530 872 558 non
917 516 1183 570 quaerimus,
1246 516 1473 571 possintne
1518 517 1669 571 celare,

97 577 170 620 sed
210 579 431 632 tamquam
469 579 687 618 tormenta
732 575 943 630 quaedam
988 575 1262 629 adhibemus,
1309 579 1374 630 ut,
1420 577 1456 618 si
1499 591 1674 632 respon—

96 636 237 678 derint
277 651 322 678 se
366 637 611 691 inpunitate
654 635 882 691 proposita
925 635 1141 691 facturos,
1186 636 1300 692 quod
1345 636 1566 691 expediat,
1610 637 1673 678 fa-

95 696 318 739 cinorosos
359 711 403 738 se
443 711 534 739 esse
571 696 810 750 fateantur,
857 696 894 737 si
925 699 1104 751 negent,
1149 696 1295 738 omnia
1332 696 1478 751 turpia
1515 711 1591 751 per
1631 711 1674 738 se

95 756 192 812 ipsa
234 756 442 811 fugienda
487 771 581 799 esse
626 756 875 798 concedant.
951 754 1033 798 Sed
1079 756 1166 798 iam
1205 756 1259 798 ad
1298 757 1569 811 propositum
1610 771 1675 799 re-

93 818 325 858 vertamur.
1694 841 1749 883 10

214 875 414 918 Incidunt
450 876 612 917 multae
654 890 782 931 saepe
824 890 998 927 causae,
1043 890 1152 932 quae
1198 876 1460 919 conturbent
1505 876 1671 919 animos
1687 903 1733 935 40

94 936 297 978 utilitatis
332 936 490 991 specie,
534 950 623 978 non
665 950 762 978 cum
801 935 883 978 hoc
916 936 1195 991 deliberet-ur,
1243 936 1581 992 relinquendane
1614 937 1672 979 sit

94 996 302 1038 honestas
333 998 513 1051 propter
545 996 747 1038 utilitatis
780 996 1127 1052 magnitudinem
1160 995 1281 1053 (nam
1313 996 1356 1038 id
1390 996 1562 1052 quidem
1594 997 1673 1038 im-

95 1055 279 1112 probum
311 1054 408 1112 est),
441 1056 515 1098 sed
547 1055 667 1109 illud,
699 1057 894 1111 possitne
928 1056 989 1111 id,
1035 1056 1150 1111 quod
1182 1057 1288 1098 utile
1320 1056 1538 1112 videatur,
1582 1057 1675 1099 fieri

95 1130 185 1158 non
216 1116 413 1171 turpiter.
477 1114 586 1158 Cum
613 1114 832 1158 Collatino
866 1116 1059 1172 collegae
1091 1115 1254 1158 Brut-us
1288 1117 1517 1171 imperium
1551 1117 1673 1159 abro-

96 1175 241 1231 gabat,
272 1178 445 1231 poterat
476 1175 614 1218 videri
646 1176 784 1218 facere
817 1176 860 1218 id
892 1176 1071 1230 iniuste3
1104 1176 1247 1218 fuerat
1281 1178 1395 1218 enim
1428 1177 1474 1218 in
1499 1177 1672 1232 regibus

95 1235 357 1290 expellendis
391 1236 534 1278 socius
574 1235 700 1278 Bruti
740 1236 1019 1279 consiliorum
1060 1237 1102 1278 et
1141 1237 1324 1279 adiutor.
1388 1235 1495 1279 Cum
1529 1239 1674 1279 autem

95 1357 127 1388 2.
170 1353 321 1399 Quamq.
348 1354 472 1389 haben
492 1353 567 1390 alte
588 1367 622 1390 u.
643 1365 737 1390 neue
751 1354 844 1390 Her-

96 1412 200 1447 ausg.
233 1402 273 1436 in
298 1402 541 1447 Nequaquam
573 1403 664 1438 oder
691 1402 843 1448 Quamq.

95 1460 170 1485 non
181 1450 373 1495 ge'andert.
388 1450 463 1485 Der
471 1450 844 1495 einzigebeachtens-

94 1499 208 1532 werte
224 1497 353 1533 Grund
368 1498 486 1540 dafiir,
503 1498 669 1533 namlich
684 1497 764 1533 dass
785 1498 844 1533 die

94 1544 346 1591 Ableugnung
378 1546 444 1581 der
469 1546 750 1581 Allwissenheit
781 1546 846 1581 der

95 1593 226 1628 Gotter
253 1593 357 1629 Cic.'s
382 1594 540 1629 Ansicht
559 1593 844 1640 widempreehe,

95 1644 193 1676 w'are
224 1641 340 1677 leicht
372 1642 490 1677 durch
523 1641 749 1687 Streichung
781 1642 846 1677 der

98 1687 181 1724 sehr
213 1689 483 1736 fiberflfissigen
508 1690 640 1725 XVorte
673 1691 706 1725 si
734 1691 775 1725 id
802 1712 844 1715 —

94 1747 230 1781 semper
259 1738 371 1783 iynot.
405 1750 450 1772 zu
482 1738 709 1783 beseitigen,
736 1749 846 1773 wenn

68 1788 71 1792 '
95 1783 160 1820 der
167 1784 408 1831 Erwahnung
415 1786 480 1821 der
488 1785 621 1821 Gotter
632 1786 846 1832 uberhaupt

93 1832 153 1867 ein
179 1832 350 1868 Gewicht
380 1833 600 1879 beizulegen
631 1834 707 1869 und
739 1834 845 1870 nicht

92 1879 276 1915 vielmehr
289 1882 329 1916 di
339 1882 566 1926 hominesque
580 1882 636 1917 als
651 1882 843 1928 gangbare

93 1926 234 1963 Phrase
265 1928 325 1962 fiir
358 1929 447 1964 ‘alle
478 1929 597 1964 Welt’
633 1930 844 1965 anzusehen

94 1978 194 2010 ware
224 1975 295 2011 wie
327 1976 493 2011 fam.19.
511 1981 554 2011 19
570 1988 625 2012 ex.
656 1978 755 2020 facio
785 1979 844 2013 dis

93 2023 368 2069 hominibusque
391 2025 694 2070 approbantibus,
722 2025 844 2060 wobei

95 2070 168 2106 Cic.
196 2082 264 2116 gar
288 2072 395 2107 nicht
414 2072 641 2117 eingefallen
666 2071 717 2108 ist
743 2073 843 2108 seinc

92 2119 399 2164 philosophische
440 2119 598 2155 Ansicht
640 2121 732 2156 fiber
776 2121 843 2156 das

93 2166 251 2202 hochste
270 2167 445 2203 Problem
470 2167 746 2214 preiszugeben.
773 2168 844 2203 Die

94 2214 257 2250 anderen
268 2215 472 2251 Einw‘ande
483 2215 650 2251 beruhen
667 2216 733 2251 auf
742 2215 843 2252 Miss-

92 2263 411 2307 verstandnissen‚
444 2263 515 2298 wie
554 2263 636 2299 dass
661 2267 780 2310 potest
804 2265 845 2300 id

93 2311 235 2354 quidem
260 2311 345 2346 dem
373 2312 508 2357 obigen
545 2312 654 2357 quasi
689 2323 772 2348 vero
799 2333 843 2338 —

95 2356 128 2391 S.
148 2362 224 2392 156.
243 2362 285 2394 12
300 2359 350 2405 fg.
386 2359 672 2405 widerspreche‚
692 2372 750 2396 wo
771 2371 844 2395 von

94 2403 234 2440 Plato's
275 2407 352 2441 und
389 2408 495 2442 nieht
520 2419 595 2443 von
621 2407 725 2443 Cic.'s
751 2407 843 2443 Mei-

93 2463 196 2497 nung
221 2452 281 2488 die
306 2454 408 2490 Rede
433 2455 492 2491 ist.
535 2455 650 2490 Hatte
677 2455 750 2491 Cic.
783 2469 843 2491 zu-

94 2500 310 2545 gestamen,
343 2501 424 2537 dass
458 2503 518 2538 die
544 2503 843 2548 Verborgenheit

92 2547 310 2593 unmoglich
339 2550 403 2593 sei,
437 2561 477 2585 so
496 2550 637 2586 konnte
664 2562 702 2586 er
736 2551 843 2586 nicht

93 2605 209 2640 sagen
227 2601 362 2641 ‘neyani
373 2608 486 2642 posse,
501 2598 660 2633 sondern
679 2610 748 2633 nur
767 2609 842 2634 nou

88 2646 209 2687 potest
234 2644 322 2679 oder
347 2646 499 2681 concedo
525 2657 600 2681 ozon
619 2657 737 2690 posse.
766 2645 842 2682 Der

95 2689 185 2726 Sinn
203 2691 269 2726 ist:
299 2691 482 2738 ‘Moglich
507 2693 559 2727 ist
583 2704 621 2728 es
647 2706 723 2729 nun
749 2694 840 2738 (wie

91 2738 154 2773 ich
173 2738 382 2784 behaupte)
402 2745 501 2775 zwar
520 2740 736 2787 allerdings‚
751 2743 840 2777 aber

93 2785 279 2829 (darnach
306 2787 412 2833 frage
432 2788 493 2823 ich
510 2788 604 2834 jetzt
622 2789 740 2833 nicht,
760 2801 842 2825 son-

91 2833 202 2879 dern)
216 2833 279 2869 ich
297 2835 401 2880 stage
423 2836 564 2881 (ihrem
579 2836 841 2883 Standpunkte

90 2881 190 2916 mich
210 2883 525 2929 anbequemend)‚
539 2895 648 2920 wenn
668 2885 745 2929 das,
766 2897 841 2920 was

90 2928 192 2964 ihrer
216 2930 464 2977 Behauptung
498 2932 597 2968 nach
622 2932 840 2978 unm6gh0h

918 1355 978 1398 ist,
992 1355 1160 1401 moglich
1175 1357 1285 1397 wilre,
1296 1366 1371 1389 was
1395 1355 1447 1390 sie
1463 1355 1562 1390 dann
1580 1355 1675 1390 thun

918 1403 1099 1438 wurden’.
1141 1405 1146 1446 Ι
1188 1408 1219 1439 3.
1267 1404 1352 1448 Cry.
1387 1403 1552 1438 ‘bleiben
1586 1402 1676 1439 steif

918 1451 994 1486 und
1025 1450 1097 1486 fest
1126 1451 1270 1493 dabei’;
1312 1450 1345 1486 S.
1364 1455 1443 1486 170.
1460 1455 1490 1487 6.
1524 1453 1528 1495 Ι
1571 1455 1674 1495 rust„

919 1499 1078 1544 Gegcns.
1100 1500 1251 1542 urbane,
1270 1499 1496 1542 ‘unhoflich‚
1518 1499 1641 1545 grob’.

920 1551 952 1582 4.
993 1557 1081 1582 saue
1096 1547 1129 1582 S.
1147 1550 1202 1583 29.
1223 1552 1275 1582 11.
1324 1549 1328 1591 l
1375 1548 1471 1582 enim
1485 1547 1520 1584 S.
1540 1552 1592 1583 13.
1609 1552 1640 1582 3.

919 1599 1027 1640 persi.
1050 1615 1095 1620 —
1118 1606 1190 1630 non
1207 1595 1367 1630 ricl.S.2.
1384 1599 1415 1631 2.
1471 1596 1475 1638 Ι
1527 1596 1674 1630 verbum

922 1644 989 1678 hat
1014 1654 1102 1678 man
1129 1643 1195 1678 auf
1222 1645 1266 1687 si,
1293 1643 1357 1678 auf
1380 1654 1483 1688 posse
1507 1643 1583 1678 und
1610 1643 1678 1678 auf

921 1691 994 1726 den
1007 1702 1151 1736 ganzen
1168 1690 1253 1726 Satz
1277 1692 1314 1726 ι’(Ζ
1327 1692 1360 1726 si
1374 1712 1418 1716 —
1434 1692 1595 1735 facerent
1610 1691 1672 1727 be-

919 1750 1048 1785 zogen,
1061 1738 1126 1773 das
1136 1739 1249 1774 letzte
1263 1751 1385 1785 gegen
1396 1738 1502 1775 Cie.'s
1515 1739 1673 1784 Sprach-

920 1787 1122 1832 gebrauch,
1144 1787 1209 1822 der
1230 1788 1376 1823 verbum
1395 1788 1455 1822 nie
1476 1787 1535 1822 ffir
1552 1787 1669 1823 ‘Satz'

919 1835 1148 1880 gebraucht‚
1178 1836 1393 1881 abgesehen
1425 1835 1564 1879 daven,
1592 1835 1673 1870 dass

918 1884 1010 1919 verb.
1038 1883 1251 1929 uberhaupt
1270 1896 1340 1918 nur
1366 1895 1440 1919 von
1468 1882 1590 1918 einem
1615 1883 1670 1918 in-

916 1931 1212 1967 haltsschweren
1262 1932 1518 1976 Ausspruche,
1567 1931 1673 1966 nicht

917 1990 991 2014 von
1007 1979 1108 2014 einer
1121 1979 1241 2024 Frage
1256 1980 1389 2025 gesagt
1399 1979 1548 2014 werden
1558 1978 1671 2014 kann.

918 2027 966 2060 Es
992 2026 1041 2061 ist
1066 2027 1166 2062 wohl
1194 2027 1259 2061 auf
1277 2038 1384 2071 posse
1410 2039 1454 2061 zu
1481 2027 1671 2071 beziehen,

918 2074 1084 2109 n'amlich
1110 2074 1148 2109 in
1176 2075 1240 2109 der
1268 2074 1405 2119 obigen
1430 2074 1562 2120 Frage.

969 2173 1023 2204 12.
1062 2169 1182 2205 Incid.
1197 2181 1440 2216 causae,quae
1452 2174 1543 2206 cont.
1562 2170 1596 2206 S.
1613 2174 1668 2207 23.

919 2221 950 2252 9.
985 2219 990 2260 Ι
1025 2221 1078 2253 13.
1131 2229 1211 2253 cum
1243 2220 1367 2262 delio„
1393 2219 1443 2264 gl.
1471 2219 1513 2253 in
1537 2219 1671 2264 quibus

918 2265 1024 2301 delib.
1046 2265 1116 2301 wie
1132 2266 1168 2300 Z.
1188 2271 1230 2301 15
1245 2267 1340 2312 quod
1366 2287 1410 2293 —-
1431 2268 1610 2310 videatur,
1633 2266 1668 2302 S.

919 2317 974 2349 98.
986 2318 1044 2349 27.
1070 2314 1159 2349 Man
1174 2315 1242 2349 hat·
1255 2315 1351 2350 auch
1366 2315 1447 2350 hier
1462 2315 1533 2350 den
1547 2315 1667 2351 Indik.

917 2360 1127 2407 korrigiert.
1153 2364 1156 2406 1
1182 2367 1236 2398 14.
1271 2363 1479 2408 utibmaqu.
1489 2362 1559 2398 wie
1576 2363 1668 2398 Z.13

916 2410 997 2444 util.
1035 2420 1126 2454 spec.
1167 2410 1224 2454 (S.
1244 2413 1404 2455 154.19)
1441 2411 1476 2446 S.
1494 2415 1548 2446 14.
1566 2414 1619 2447 10.
1662 2412 1664 2456 ἶ

919 2461 973 2492 15.
1013 2462 1064 2492 est
1090 2458 1124 2493 S.
1144 2462 1221 2493 164.
1239 2462 1270 2495 3.
1308 2464 1311 2501 Ῑ
1354 2459 1416 2493 sed
1445 2459 1541 2493 illud
1569 2459 1666 2493 nach

916 2515 991 2540 uon
1008 2516 1088 2540 cum
1108 2506 1172 2541 hoc
1187 2505 1242 2550 (S.
1259 2511 1314 2541 51.
1329 2509 1391 2549 18)
1407 2507 1499 2541 statt
1511 2507 1572 2541 sed
1586 2517 1666 2540 eum

915 2553 1011 2588 illud
1034 2553 1185 2589 'ahnlich
1206 2555 1275 2589 wie
1296 2554 1401 2588 Verr.
1416 2554 1447 2587 V
1465 2557 1532 2588 165
1552 2557 1665 2596 testes,

914 2611 992 2635 ‘nou
1015 2602 1079 2646 qui
1104 2603 1244 2637 novisse
1270 2601 1441 2643 Gai-ium,
1465 2602 1527 2636 sed
1551 2611 1587 2636 se
1612 2603 1664 2636 vi-

915 2649 1009 2683 disse
1034 2649 1208 2691 dicerent,
1237 2649 1334 2684 ofter
1365 2660 1440 2684 ozon
1465 2652 1506 2683 ut
1533 2669 1576 2673 —
1603 2650 1666 2684 secl

916 2697 1008 2731 statt
1034 2697 1095 2731 secl
1119 2701 1178 2739 ui3
1208 2696 1242 2731 S.
1260 2701 1338 2732 163.
1353 2700 1385 2731 4.
1434 2698 1438 2740 Ι
1483 2697 1566 2740 fieri
1590 2707 1665 2732 nou

917 2747 1014 2788 turp.
1042 2755 1076 2779 u,
1105 2744 1140 2778 Z.
1167 2748 1209 2779 17
1236 2745 1353 2787 faeere
1391 2745 1431 2779 id
1468 2746 1534 2780 ini.
1565 2744 1599 2780 S.
1620 2749 1663 2780 75

917 2794 972 2826 21.
1009 2794 1013 2831 1
1051 2795 1103 2826 16.
1126 2793 1260 2837 abr-09„
1282 2792 1316 2826 d.
1331 2793 1367 2828 h.
1389 2803 1552 2837 genauer
1569 2793 1665 2828 ‘ver—

916 2838 1074 2873 anlasste
1082 2838 1148 2873 ihn
1161 2840 1239 2874 sein
1246 2839 1337 2874 Amt
1343 2839 1641 2886 m‘ederzulegen’
1652 2856 1661 2884 3

915 2885 994 2921 Liv.
1017 2886 1050 2920 II
1071 2890 1102 2920 2.
1122 2891 1144 2921 4
1160 2899 1238 2932 sqq.
1291 2887 1387 2924 Flor.
1423 2890 1507 2933 sagt
1538 2888 1554 2922 I
1576 2892 1607 2923 9.
1629 2892 1662 2931 3,

916 2933 980 2968 das
1005 2932 1105 2968 Volk
1136 2935 1233 2970 habe
1266 2935 1331 2970 ihn
1363 2936 1525 2979 fascibus
1558 2936 1662 2971 abro—
