1923 3213
540 99 687 135 LIBER
713 100 740 135 1.
792 90 897 135 CAP.
924 104 956 135 4.
1010 103 1029 143 ς
1060 104 1209 135 12-14.

1612 100 1663 140 11

81 214 158 253 aut
171 210 379 271 utilitatis
401 225 532 252 causa
552 210 664 252 iuste
685 212 729 252 et
748 209 942 266 legitime
962 210 1215 265 imperanti,
1237 224 1288 251 ex
1310 224 1394 265 quo
1412 209 1666 265 magnitudo

79 271 216 313 animi
249 271 398 313 existit
428 270 806 326 humanarumque
837 285 982 312 rerum
1009 270 1289 325 contemptio.
1340 268 1432 312 Nec
1459 285 1561 312 vero
1589 269 1666 311 illa
1692 283 1732 313 14

77 346 213 387 parva
256 331 321 373 vis
365 333 547 373 naturae
593 336 658 373 est
702 331 993 385 rationisque,
1039 330 1153 385 quod
1199 345 1332 371 unum
1376 329 1460 373 hoc
1506 330 1667 372 animal

79 391 226 447 sentit,
258 391 360 446 quid
393 391 451 433 sit
484 391 601 446 ordo,
634 391 737 447 quid
771 391 839 446 sit,
873 390 986 446 quod
1020 390 1181 445 deceat,
1213 391 1259 431 in
1292 390 1419 432 factis
1454 390 1666 446 dictisque

41 463 60 490 5
81 452 155 508 qui
193 451 361 494 modus.

423 450 576 506 Itaque
615 466 763 494 eorum
797 451 1014 506 ipsorum,
1048 465 1158 506 quae
1193 453 1371 506 aspectu
1405 451 1667 504 sentiuntur,

77 512 246 554 nullum
272 511 390 553 aliud
411 512 573 553 animal
593 511 975 567 pulchritudinem,
1002 514 1289 565 venustatem,
1317 511 1667 553 convenientiam

78 572 269 628 partium
303 572 454 627 sentit,
488 587 619 627 quam
652 571 984 614 similitudinem
1016 576 1175 613 natura
1206 570 1406 626 ratioque
1440 571 1493 612 ab
1530 571 1665 613 oculis

77 632 132 674 ad
182 632 375 674 animum
426 632 692 674 transferens
738 632 876 673 multo
924 632 1056 674 etiam
1102 631 1243 687 magis
1289 630 1669 686 pulchritudinem,

76 693 384 750 constantiam,
410 692 604 735 ordinem
638 693 684 734 in
711 692 906 734 consiliis
932 692 1145 747 factisque
1172 691 1513 734 conservandam
1540 694 1668 747 putat

88 766 240 802 &afr-ff
271 750 292 781 θ’

77 841 152 870 von'
176 845 340 870 neueren
366 835 655 881 Herausgcbern
688 835 748 870 fiir
775 835 848 870 ein'

75 882 248 919 Glossem
262 895 307 918 zu
327 884 403 919 doc.
425 883 614 928 gehalten.
648 884 732 918 Wie
748 896 776 918 z.
793 884 834 918 B.

77 933 124 966 de
153 943 204 967 or.
234 932 250 966 1
274 935 316 967 19
330 936 533 977 praecepta
552 932 632 967 und
652 933 831 977 maqz'stri,

76 979 309 1015 ande1·w{irts
351 983 549 1025 praecepta
588 983 620 1015 et
659 981 835 1015 instituta

76 1028 127 1073 (S.
166 1032 196 1063 1.
231 1030 267 1073 2)
305 1028 428 1064 neben
464 1027 642 1063 einander
679 1028 835 1073 gestellt

64 1075 170 1141 pind„
196 1087 236 1111 so
257 1076 339 1111 hier
356 1087 481 1124 praee.
503 1087 536 1111 u.
559 1077 649 1120 aloc„
677 1078 833 1111 ersteres

63 1135 150 1179 ,von
175 1123 241 1159 der
265 1121 511 1170 praktischen
532 1123 832 1169 Unterweisung,

63 1172 248 1222 flletzteres
274 1183 349 1207 von
377 1172 442 1206 der
463 1171 743 1208 theoretischen
765 1172 831 1207 Be—

63 1220 245 1271 uehrung.
275 1221 281 1264 Ι
309 1218 379 1255 Die
413 1218 623 1265 Participia
649 1220 709 1255 fiir
737 1220 833 1255 ‘der-

65 1267 213 1314 fienige,
239 1267 417 1303 welcher'
447 1267 518 1303 wie
546 1272 588 1303 72
616 1281 677 1311 m.,
706 1273 749 1304 73
771 1281 832 1312 m.,

73 1319 121 1352 83
135 1329 172 1362 p.
186 1315 251 1360 in.,
272 1320 317 1352 88
333 1329 394 1361 m.,
418 1320 484 1351 132
499 1328 534 1362 p.
551 1329 612 1361 m.,
637 1321 702 1352 133
718 1329 753 1361 p.
770 1315 832 1359 in„

76 1368 144 1400 137
172 1375 239 1410 ex.,
272 1364 373 1400 1148
393 1377 428 1410 p.
456 1377 518 1408 m.,
546 1369 602 1409 66,
631 1370 687 1409 77,
714 1365 766 1399 ΙΙΙ
788 1369 833 1401 60

73 1425 109 1458 p.
137 1425 206 1455 m.;
253 1413 287 1448 II
318 1416 381 1456 24,
424 1416 466 1448 12
490 1424 546 1448 ex.
568 1417 632 1458 43,
672 1417 716 1449 56
743 1413 792 1448 in.
824 1414 827 1460 Ι

74 1465 108 1497 2.
126 1461 310 1497 humanae
333 1472 391 1497 res
419 1461 503 1496 sind
538 1461 615 1497 ‘die
641 1461 830 1497 irdischen

73 1508 212 1556 Dinge'
236 1509 381 1545 sowohl
401 1508 453 1544 im
469 1508 679 1555 Gegensatz
699 1523 742 1544 zu
758 1510 830 1545 den

72 1558 224 1594 divinae
243 1558 300 1593 als
317 1558 377 1592 die
392 1557 673 1593 menschliehen
688 1558 831 1594 Leiden

73 1606 150 1641 und
184 1605 357 1641 Freuden
394 1605 562 1651 (letztere
603 1606 663 1642 die
703 1618 829 1651 sogen.

73 1655 170 1689 bona
196 1655 360 1700 corporis
385 1654 463 1688 und
489 1657 655 1700 eaeterna)
681 1655 734 1689 im
761 1654 831 1690 Ge-

74 1703 230 1748 gensatz
273 1715 319 1738 zu
369 1702 453 1737 dem
505 1702 629 1748 einzig
678 1703 834 1738 wahren

74 1751 226 1794 bonum,
266 1750 332 1786 der
368 1751 497 1786 virtus.
528 1753 533 1794 Ι
561 1751 640 1787 Nec
665 1762 748 1787 vero
775 1772 831 1786 -.

74 1797 155 1835 Fin.
170 1799 206 1834 II
219 1802 264 1834 47
284 1798 406 1845 Atque
425 1799 481 1834 his
500 1800 622 1835 tribus
641 1800 833 1845 qeneribus

75 1847 308 1895 honestorum
327 1848 466 1883 notatis
479 1852 655 1893 quartum
667 1849 833 1893 sequitur

75 1898 109 1930 et
133 1896 176 1930 in
197 1896 321 1931 eadem
340 1896 622 1941 pulchritudine
647 1900 681 1932 et
706 1900 834 1941 aptum

73 1954 118 1979 ex
143 1944 220 1979 illis
245 1944 378 1987 tribus,
404 1944 446 1979 in
470 1955 540 1988 quo
566 1945 660 1980 inest
685 1945 775 1980 ordo
801 1948 834 1979 et

72 1992 286 2027 mode-ratio.
340 1992 456 2027 Cuius
484 1993 729 2027 similitudine
749 2004 831 2037 per-

71 2043 196 2084 specta
221 2040 263 2074 in
281 2040 489 2084 formarum
507 2041 624 2085 specie
644 2051 687 2075 ac
710 2041 831 2085 diyni-

72 2090 148 2123 tate
185 2088 386 2123 transitum
429 2091 480 2122 est
518 2089 568 2123 acl
611 2089 832 2124 honestatem

73 2136 257 2171 dictorum
281 2139 389 2182 atque
413 2136 608 2180 factorum.
659 2137 761 2172 Nam
787 2148 831 2171 esc

71 2183 132 2219 his
156 2184 277 2219 tribus
303 2183 490 2227 laudibus,
517 2196 609 2230 quas
631 2188 716 2220 ante
735 2186 830 2229 elixi,

74 2235 108 2267 et
142 2233 377 2268 temeritatem
423 2233 643 2276 reformidat
681 2237 713 2268 et
756 2244 832 2268 non

74 2280 186 2316 audet
219 2281 393 2326 cuiquam
428 2284 495 2316 aut
533 2281 630 2317 dicto
659 2285 832 2326 protervo

74 2331 142 2364 aut
154 2329 254 2373 facto
267 2339 395 2364 nocere
408 2332 621 2374 vereturque
635 2330 831 2375 quicquam

75 2379 142 2411 aut
172 2377 292 2420 facere
324 2380 391 2412 aut
416 2377 551 2423 eloqui,
577 2379 673 2423 quod
693 2389 833 2423 parum

74 2424 180 2459 civile
197 2425 378 2460 videatur.
410 2423 480 2460 Die
499 2425 619 2461 vierte
634 2425 834 2461 Karclinal-

73 2471 230 2517 tugend,
257 2472 318 2507 die
344 2471 589 2518 σωφροσύνη,
618 2474 679 2508 fiir
705 2474 765 2509 die
792 2485 831 2509 es

74 2519 212 2555 keinen
251 2531 345 2565 ganz
389 2521 714 2566 entsprechenden
763 2521 830 2558 lat.

74 2567 274 2603 Ausdruck
306 2567 428 2614 giem,
461 2569 521 2604 die
555 2570 713 2605 deshalb
739 2570 831 2605 viel-

75 2616 164 2651 fach
182 2616 447 2652 umschrieben
465 2617 571 2662 wird,
592 2618 663 2653 wie
685 2618 719 2654 S.
738 2622 792 2653 13.
811 2623 830 2654 6

77 2665 166 2700 ordo
181 2669 215 2700 et
224 2665 363 2708 modus,
371 2665 414 2699 in
424 2675 494 2710 quo
507 2666 601 2700 inest
613 2667 789 2702 modestia
800 2670 833 2702 et

74 2713 328 2758 temperantia,
356 2711 390 2748 S.
414 2716 469 2749 14.
486 2716 506 2748 5
523 2717 590 2756 αξ
612 2717 656 2749 98
666 2725 721 2749 ex.
743 2715 832 2750 ordo

73 2763 108 2795 et
127 2761 339 2796 constantia
357 2764 390 2796 et
408 2762 626 2806 moderatio,
654 2773 716 2796 am
736 2763 832 2798 voll-

74 2808 314 2854 st'andigsten
344 2808 398 2844 ΙΙΙ
432 2813 499 2844 116
532 2808 601 2854 in.,
641 2810 731 2845 oder
762 2810 834 2845 mit

78 2856 201 2891 einem
227 2856 350 2892 dieser
370 2857 591 2893 Ausdrucke
612 2858 832 2893 bezeichnet

75 2903 188 2949 wird,
226 2904 347 2940 wofsir
388 2905 463 2940 Cic.
501 2917 531 2941 c.
567 2910 611 2941 27
649 2918 727 2951 sqq.
766 2907 832 2941 das

74 2951 245 2989 decorum
267 2951 513 2989 substituiert.
537 2955 542 2999 Ι
571 2958 604 2988 3.
619 2958 697 2990 nat.
718 2955 832 2990 ratio-

909 846 994 880 que,
1023 834 1118 869 auch
1146 835 1182 869 Z.
1200 838 1239 878 7,
1267 834 1316 869 ist
1343 834 1512 870 dasselbe
1540 834 1610 869 wie
1632 833 1667 868 S.

910 887 941 918 9.
963 887 1006 918 10
1021 886 1162 918 natura
1192 884 1230 918 vi
1262 883 1437 925 rationis,
1468 882 1519 916 ΙΙΙ
1545 886 1590 917 23
1619 895 1665 917 m.

909 935 1070 967 naturae
1094 932 1204 972 ratio,
1235 931 1310 966 ‘die
1337 931 1550 966 natiirliche
1577 932 1668 975 (von

910 979 1030 1014 Natur
1038 979 1351 1024 innewohnende)
1362 978 1564 1014 Vernunft'
1578 979 1668 1014 oder

911 1027 987 1063 ‘die
996 1027 1236 1073 verniinftige
1244 1026 1538 1072 Naturanlage';
1550 1028 1667 1072 vergl.

910 1075 944 1110 S.
976 1080 1030 1110 14.
1060 1080 1103 1111 10
1139 1080 1279 1111 natura
1310 1077 1453 1121 visque,
1486 1076 1538 1110 ΙΙΙ
1555 1079 1599 1111 69
1612 1087 1666 1110 eX.

907 1128 1050 1159 natura
1081 1128 1114 1159 et
1145 1125 1297 1167 verita83
1339 1124 1373 1158 S.
1402 1128 1434 1159 3.
1465 1128 1494 1159 1.
1531 1125 1535 1168 Ι
1565 1128 1587 1158 4
1614 1135 1667 1168 sq.

907 1171 1058 1207 Andere
1103 1172 1236 1207 ziehen
1280 1173 1322 1207 in
1367 1172 1478 1215 factis
1525 1172 1667 1217 dictisq.

909 1233 954 1254 zu
992 1221 1124 1255 deceat.
1198 1219 1299 1255 Aber
1358 1219 1424 1255 der
1472 1220 1669 1255 Ausdruck

907 1269 998 1313 quid
1029 1269 1152 1304 deceat
1189 1269 1373 1314 (decorum
1399 1269 1475 1303 und
1502 1269 1669 1304 decentia

908 1317 992 1351 sind
1018 1316 1202 1362 vorliiufig
1222 1317 1320 1353 noch
1341 1316 1566 1352 absichtlich
1587 1327 1665 1352 ver-

908 1364 1076 1408 mieden‚
1113 1365 1150 1400 in
1184 1365 1257 1400 den
1283 1365 1430 1409 Reclen,
1469 1365 1539 1400 wie
1566 1365 1667 1400 inde-

906 1424 1024 1455 corus,
1051 1424 1165 1459 gan23
1207 1426 1233 1449 s.
1263 1414 1361 1450 Phil.
1389 1413 1478 1448 XIII
1507 1417 1552 1448 14
1579 1414 1669 1459 quid

907 1463 1056 1507 turpius
1082 1466 1149 1497 aut
1174 1462 1319 1505 foedius
1338 1466 1406 1497 aut
1426 1463 1523 1507 quod
1543 1463 1667 1497 minus

905 1509 1068 1555 deceat?)
1094 1509 1233 1544 bedarf
1260 1510 1390 1545 keines
1417 1510 1569 1546 solchen
1597 1511 1665 1544 Zu-

905 1563 1042 1602 satzes3
1077 1557 1268 1604 hingegen
1293 1559 1345 1593 ist
1378 1559 1443 1593 der
1468 1558 1669 1593 Ausdruck

906 1608 999 1642 mod.
1027 1618 1066 1642 so
1093 1607 1355 1651 unbestimmt,
1382 1606 1464 1642 dass
1492 1606 1575 1642 eine
1601 1607 1667 1641 Er-

906 1655 1069 1700 kliirung
1096 1655 1340 1690 erforderlich
1366 1655 1431 1698 ist,
1473 1666 1547 1690 von
1581 1655 1668 1689 wel-

908 1703 1017 1739 chem
1051 1704 1144 1738 mocl.
1183 1703 1243 1738 die
1276 1703 1380 1739 Rede
1420 1704 1479 1739 ist.
1540 1702 1667 1739 Andre

907 1752 1051 1787 andern
1094 1752 1186 1797 quid
1223 1753 1352 1787 modus
1391 1751 1667 1797 entsprechend

908 1800 994 1835 dem
1026 1801 1117 1845 quid
1149 1801 1248 1836 ordo.
1301 1800 1360 1834 Da
1392 1812 1430 1834 es
1465 1800 1543 1835 sich
1579 1799 1669 1834 aber

907 1848 969 1883 bei
981 1848 1052 1883 den
1062 1848 1198 1894 eignen
1209 1850 1311 1892 facta
1326 1849 1494 1894 dictaque
1502 1848 1668 1892 weniger

908 1909 971 1931 um
1000 1896 1060 1931 die
1081 1897 1336 1932 theoretische
1358 1896 1560 1940 Kenntnis,
1589 1907 1666 1931 was

907 1946 1000 1980 mod.
1027 1944 1159 1988 heifst,
1186 1944 1241 1980 als
1269 1945 1401 1980 darum
1426 1944 1594 1988 handelt,
1622 1957 1668 1978 zu

906 1992 1065 2037 wissen,
1101 1992 1263 2028 welches
1290 1993 1356 2028 das
1382 1992 1543 2038 richtige
1570 1991 1666 2027 Mass

906 2041 945 2075 in
989 2041 1242 2086 Handlungen
1287 2041 1363 2075 und
1408 2041 1567 2076 Worten
1605 2040 1667 2084 ist,

905 2089 1069 2124 welches
1084 2100 1174 2124 man
1188 2088 1355 2124 numlich
1369 2101 1412 2123 zu
1426 2089 1668 2124 beobachten

906 2137 1015 2180 habe,
1032 2148 1072 2172 so
1088 2137 1235 2172 scheint
1249 2138 1324 2182 qui,
1346 2136 1416 2171 wie
1433 2137 1494 2172 die
1506 2137 1664 2172 Hdschr.

905 2184 1041 2229 haben,
1068 2185 1143 2220 viel
1169 2185 1381 2231 passender.
1419 2187 1423 2230 Ι
1459 2189 1490 2220 5.
1519 2188 1667 2231 aspectu

905 2234 1036 2269 sentiri
1063 2234 1247 2269 ‘sic-hibat
1267 2233 1374 2277 sein’,
1403 2234 1547 2279 (oculis)
1568 2234 1669 2268 cerni

908 2281 944 2316 S.
974 2286 1028 2317 12.
1056 2285 1089 2326 8,
1117 2285 1136 2324 ἕ
1158 2282 1284 2325 66111,
1312 2283 1354 2316 in
1381 2282 1471 2318 oder
1497 2282 1563 2317 sub
1585 2293 1667 2317 con-

906 2334 1066 2375 spectum
1094 2330 1185 2366 oder
1210 2334 1396 2375 aspectum
1428 2330 1518 2365 oder
1545 2330 1668 2365 oculos

908 2379 1035 2414 cadere
1073 2378 1163 2414 oder
1201 2379 1323 2413 venire
1361 2378 1428 2424 (III
1461 2381 1506 2413 81
1542 2379 1624 2422 ex.).
1654 2377 1658 2423 f

910 2430 940 2461 7.
987 2438 1098 2471 quam.
1134 2426 1195 2461 fur
1227 2428 1334 2462 cuius
1371 2428 1426 2462 rei
1465 2426 1499 2461 S.
1536 2430 1567 2461 3.
1596 2430 1629 2460 2.
1660 2426 1663 2471 ξ

907 2475 1050 2510 similit.
1086 2474 1297 2510 ‘'ethnliches
1335 2473 1561 2517 Verfahren,
1589 2473 1664 2508 An—

907 2522 1113 2567 schauung,
1141 2522 1406 2567 Einrichtung’
1437 2523 1519 2565 etc„
1546 2521 1664 2567 vei-gl.

906 2572 1127 2606 consuetudo
1153 2584 1183 2606 z.
1196 2574 1216 2613 ξ
1231 2575 1276 2606 64
1294 2571 1343 2605 in.
1358 2581 1506 2612 morem,
1535 2569 1569 2604 S.
1586 2574 1616 2605 9.
1634 2573 1684 2615 8‚¹

907 2619 953 2654 de
993 2630 1043 2654 or.
1084 2619 1119 2654 II
1158 2622 1202 2654 53
1249 2619 1344 2654 lianc
1387 2618 1667 2653 similitudinem

906 2667 1093 2702 scribendi
1118 2667 1225 2702 multi
1249 2667 1364 2701 secuti
1395 2669 1491 2709 sunt,
1527 2666 1577 2701 ib.
1608 2670 1664 2709 96,

906 2714 959 2749 III
998 2718 1063 2758 56,
1113 2726 1190 2760 rep.
1218 2714 1322 2749 1156
1372 2725 1486 2759 qenus
1520 2715 1668 2760 imperii

902 2764 1117 2808 proximum
1155 2763 1397 2798 similitudini
1435 2763 1557 2808 reqiae
1596 2764 1665 2798 etc.

906 2810 983 2845 Das
999 2810 1125 2846 Ganze
1140 2809 1228 2844 lasst
1249 2809 1328 2845 sich
1348 2810 1418 2845 frei
1444 2811 1667 2846 ubersetzen

907 2859 1024 2893 etwa:
1078 2858 1142 2892 ‘in
1181 2857 1360 2904 analoger
1401 2849 1667 2904 Uberiragung
1721 2864 1731 2872 ”

906 2917 981 2941 von
1011 2907 1077 2940 der
1110 2906 1322 2941 sinnlichen
1353 2906 1667 2952 Wahrnehmung

907 2954 974 2989 auf
998 2953 1064 2990 das
1091 2954 1250 3000 geistige
1278 2954 1442 2991 Gebiet’.
1480 2956 1485 3000 Ι
1521 2958 1553 2991 9.
1564 2966 1665 3010 EQ?

1711 2660 1774 2703 ᾗ(
1792 2654 1866 2694 ἔκλ-
1887 2664 1923 2704 ᾗ,

1696 2819 1923 2879 eamme

1854 2882 1923 2909 4315
