1891 3213
667 139 814 175 LlssER
839 142 885 177 11.
938 141 1042 179 OAP.
1072 148 1102 188 1,
1130 148 1162 180 2.
1215 149 1233 188 g
1264 150 1367 182 1—6.
1746 151 1804 194 95

210 248 302 288 tam
335 248 739 292 commutandarum
774 265 904 306 quam
950 251 1279 298 evertendarum
1324 272 1469 300 rerum
1515 260 1694 315 cupidos
1737 262 1801 304 in-

210 305 410 350 cidisset!
446 307 639 352 Primum
674 310 803 365 enim,
837 315 885 353 ut
918 315 1069 373 stante,
1093 329 1138 356 re
1170 317 1346 371 publica
1372 318 1512 361 facere
1540 320 1802 379 solebamus,

207 366 252 408 in
285 368 454 424 agendo
486 369 584 424 plus
620 385 751 426 quam
783 371 829 413 in
863 372 1090 417 scribendo
1125 390 1280 431 operae
1321 393 1601 435 poneremus,
1648 381 1801 426 deinde

205 426 313 482 ipsis
348 429 520 484 scriptis
563 445 652 472 non
691 446 759 486 ea,
803 447 911 487 quae
953 449 1086 491 nunc,
1132 436 1205 478 sed
1245 438 1437 481 actiones
1470 443 1645 484 nostras
1678 458 1800 485 man-

168 497 185 524 5
209 486 430 543 daremus,
468 492 517 531 ut
550 505 677 546 saepe
710 491 902 535 fecimus.

967 492 1075 537 Cum
1109 499 1254 539 autem
1288 513 1355 540 res
1389 500 1584 556 publica,
1630 502 1676 544 in
1715 519 1801 560 qua

206 548 347 590 omnis
392 563 489 591 mea
535 564 654 605 cura,
702 552 929 608 cogitatio,
976 570 1108 610 opera
1147 558 1252 612 poni
1296 559 1486 615 solebat,
1529 562 1652 604 nulla
1685 567 1800 606 esset

205 608 401 664 omnino,
449 610 551 652 illae
598 611 763 654 scilicet
800 613 972 656 litterae
1016 616 1321 661 conticuerunt
1358 620 1553 663 forenses
1594 625 1637 664 et
1677 638 1797 667 sena-

202 667 353 711 toriae.
417 668 540 712 Nihil
585 685 715 727 agere
762 676 908 716 autem
953 690 1050 717 cum
1092 678 1262 719 anjmus
1302 694 1390 722 non
1429 684 1597 737 posset,
1641 684 1686 725 in
1727 684 1833 727 his4

202 728 357 771 studiis
391 730 446 772 ab
478 731 602 773 initio
643 735 840 776 versatus
879 736 1038 778 aetatis
1079 737 1323 781 existimavi
1363 740 1671 785 honestissime
1705 759 1794 787 mo-

146 799 183 825 10
202 788 353 831 lestias
386 804 515 845 posse
550 791 724 847 deponi,
764 794 800 835 si
826 809 894 837 me
928 796 981 838 ad
1012 796 1339 853 philosophiam
1373 802 1649 845 rettulissem.
1715 803 1794 848 Cui

201 863 298 892 cum
340 851 525 894 multum
571 853 825 897 adulescens
871 855 1065 899 discendi
1111 873 1242 901 causa
1279 862 1489 916 temporis
1528 864 1794 920 tribuissem,

199 912 482 966 posteaquam
529 912 770 957 honoribus
815 915 1022 959 inservire
1068 919 1191 974 coepi
1237 935 1389 976 meque
1432 925 1574 965 totum
1615 925 1677 966 rei
1716 941 1792 982 pu-

199 969 338 1012 blicae
370 971 550 1027 tradidi,
583 976 753 1016 tantum
787 979 881 1018 erat
911 976 1217 1034 philosophiae
1251 980 1354 1036 loci,
1396 986 1610 1038 quantum
1644 1000 1791 1041 super-

198 1029 345 1072 fuerat
378 1032 616 1075 amicorum
650 1038 692 1076 et
724 1035 787 1077 rei
820 1037 1017 1091 publicae
1051 1041 1339 1097 temporibus,
1383 1042 1427 1085 id
1472 1047 1617 1087 autem
1661 1061 1790 1089 omne

143 1100 178 1127 15
199 1091 535 1134 consumebatur
566 1093 609 1135 in
645 1095 842 1151 legendo,
876 1098 1091 1140 scribendi
1125 1101 1263 1142 otium
1295 1117 1384 1145 non
1417 1106 1520 1146 erat.

197 1149 334 1206 igitur
365 1152 410 1194 in
444 1154 573 1195 malis
607 1154 689 1197 hoc
723 1159 868 1199 tamen
898 1158 1000 1200 boni
1029 1162 1214 1203 assecuti
1242 1162 1449 1219 videmur,
1483 1168 1530 1206 ut
1557 1180 1607 1207 ea
1627 1166 1788 1210 litteris

1805 1083 1833 1126 2

1805 1145 1826 1178 5

1584 1104 1788 1150 Maximis

196 1211 515 1268 mandaremus,
548 1229 655 1269 quae
688 1230 767 1259 nec
801 1221 925 1259 erant
959 1220 1068 1262 satis
1094 1224 1202 1263 nota
1230 1224 1391 1266 nostris
1420 1227 1463 1266 et
1489 1228 1613 1268 erant
1641 1228 1788 1282 cogni-

196 1270 316 1314 tione
337 1271 606 1328 dignissima.
660 1275 772 1326 Quid
801 1277 916 1319 enim
943 1282 1021 1334 est,
1049 1295 1126 1334 per
1154 1281 1269 1336 deOS‚
1298 1284 1535 1338 optabilius
1558 1287 1787 1342 sapientia,

197 1331 300 1386 quid
331 1335 644 1388 praestantius,
685 1337 786 1391 quid
820 1338 985 1381 homini
1020 1341 1195 1396 melius,
1234 1343 1337 1398 quid
1372 1344 1548 1388 homine
1582 1347 1786 1403 dignius?

141 1401 176 1428 20
195 1390 319 1434 Hanc
351 1393 487 1449 igitur
514 1396 585 1450 qui
614 1400 834 1452 expetunt,
861 1398 1111 1456 philosophi
1133 1403 1426 1460 nominantur,
1453 1421 1532 1448 nec
1555 1407 1786 1463 quicquam

195 1451 311 1494 aliud
324 1456 391 1495 est
401 1454 692 1511 philosophia,
713 1458 750 1500 si
763 1458 1041 1514 interpretari
1063 1462 1181 1513 velis,
1203 1468 1376 1518 praeter
1400 1466 1591 1509 studium
1614 1469 1784 1524 sapien-

192 1512 288 1555 tiae.
334 1511 562 1569 Sapientia
577 1520 721 1559 autem
738 1522 815 1569 est,
830 1522 878 1561 ut
893 1535 918 1561 a
940 1523 1156 1564 veteribus
1172 1524 1449 1580 philosophis
1466 1526 1692 1570 definitum
1709 1533 1786 1585 est,

191 1587 336 1615 rerum
350 1574 595 1618 divinarum
617 1580 660 1619 et
679 1577 969 1623 humanarum
993 1596 1318 1640 causarumque,
1341 1586 1497 1641 quibus
1511 1602 1586 1630 eae
1601 1604 1668 1630 res
1684 1604 1784 1632 con-

191 1633 403 1690 tinentur,
431 1636 631 1692 scientia,
664 1639 783 1681 cuius
812 1640 1002 1683 studium
1024 1643 1097 1698 qui
1120 1643 1354 1701 vituperat,
1381 1645 1498 1689 haud
1527 1663 1629 1690 sane
1655 1650 1782 1691 intel·

137 1704 171 1730 25
190 1692 309 1748 lego,
342 1695 549 1750 quidnam
577 1697 645 1752 sit,
680 1699 792 1754 quod
819 1700 1080 1744 laudandum
1106 1707 1242 1759 putet.
1292 1705 1407 1748 Nam
1429 1707 1517 1750 sive
1546 1709 1780 1753 oblectatio
1797 1721 1818 1753 6

190 1755 413 1808 quaeritur
445 1757 580 1799 animi
605 1760 862 1815 requiesque
890 1776 1101 1817 curarum,
1135 1780 1244 1820 quae
1279 1767 1465 1809 conferri
1500 1783 1597 1811 cum
1631 1784 1781 1813 eorum

190 1813 344 1856 studiis
376 1819 540 1871 potest,
585 1819 657 1873 qui
692 1834 861 1875 semper
894 1822 1060 1878 aliquid
1093 1826 1348 1882 anquirunt,
1392 1828 1505 1883 quod
1541 1833 1705 1884 spectet
1737 1835 1781 1873 et

189 1873 333 1916 valeat
353 1875 407 1917 ad
427 1876 537 1919 bene
565 1878 775 1936 beateque
801 1881 1064 1925 vivendum?
1098 1885 1186 1927 sive
1213 1887 1329 1929 ratio
1351 1889 1624 1931 constantiae
1646 1891 1780 1933 virtu-

188 1933 332 1989 tisque
359 1935 541 1992 ducitur,
569 1942 644 1980 aut
670 1940 776 1982 haec
804 1956 874 1983 ars
902 1946 970 1985 est
997 1947 1072 1985 aut
1091 1945 1213 1987 nulla
1240 1947 1430 2003 omnino,
1457 1963 1534 2004 per
1554 1965 1685 2005 quam
1706 1966 1778 1994 eas

134 2005 168 2030 30
189 2007 483 2049 assequamur.
533 1997 711 2041 Nullam
733 2000 871 2043 dicere
891 2017 1194 2047 maxumarum
1214 2021 1357 2049 rerum
1379 2011 1516 2051 artem
1539 2025 1651 2062 esse,
1679 2026 1778 2054 cum

187 2053 465 2098 minimarum
493 2058 583 2099 sine
611 2062 703 2101 arte
729 2061 850 2103 nulla
877 2063 946 2118 sit,
972 2063 1198 2107 hominum
1228 2071 1293 2108 est
1318 2083 1474 2122 parum
1502 2071 1779 2114 considerate

186 2113 458 2169 loquentium
490 2119 620 2172 atque
653 2119 698 2161 in
731 2122 944 2164 maxumis
978 2124 1106 2166 rebus
1141 2126 1389 2169 errantium.
1453 2127 1499 2171 Si
1533 2132 1677 2172 autem
1711 2134 1779 2174 est

188 2174 333 2229 aliqua
367 2175 597 2232 disciplina
628 2179 821 2236 virtutis,
866 2182 941 2224 ubi
975 2198 1025 2225 ea
1067 2189 1314 2242 quaeretur,
1360 2203 1457 2231 cum
1497 2190 1550 2232 ab
1595 2190 1678 2234 hoc
1717 2192 1778 2234 di·

185 2234 332 2276 scendi
364 2250 521 2292 genere
555 2238 830 2283 discesseris‘?
864 2241 947 2285 Sed
979 2243 1103 2300 haec,
1136 2260 1232 2288 cum
1267 2248 1320 2290 ad
1352 2248 1679 2305 philosophiam
1707 2267 1776 2295 co-

183 2364 370 2401 Antonius
402 2367 473 2402 mit
504 2368 632 2405 seinen
660 2369 901 2418 Anhang-ern.
934 2374 936 2420 l

181 2416 216 2448 4.
267 2413 428 2450 actiones
459 2415 622 2452 konkret
655 2418 714 2454 die
741 2419 940 2457 Resultate

184 2459 249 2495 des
270 2472 374 2507 ayere
396 2463 454 2507 (Z.
478 2467 515 2508 3,
536 2468 556 2508 ξ
572 2469 615 2500 73
632 2477 668 2511 p.
684 2467 767 2512 in),
804 2468 838 2505 S.
856 2473 888 2505 9.
907 2474 937 2505 8.

182 2507 254 2542 Die
273 2510 435 2546 actiones
458 2513 607 2557 seriptis
631 2516 830 2551 mandatae
857 2516 940 2552 sind

183 2555 243 2591 die
260 2556 328 2592 Z.7
349 2560 565 2603 genannten
589 2562 730 2598 litterae
755 2564 810 2608 (S.
825 2568 878 2600 79.
895 2567 936 2610 1)

180 2604 343 2648 forenses
353 2609 385 2640 et
395 2609 610 2645 senatoriae.
635 2612 639 2653 Ι
664 2615 694 2646 6.
734 2612 842 2647 nulla
853 2618 939 2649 esset

183 2650 351 2688 S.26.16.
382 2655 387 2698 Ι
423 2659 454 2691 7.
480 2656 752 2694 omu.S.99.10.
776 2660 781 2705 Ι
805 2664 836 2695 9.
870 2665 937 2697 aet.

182 2699 284 2737 S.73.
295 2705 350 2736 14.
375 2702 379 2747 Ι
405 2706 458 2738 10.
474 2706 722 2742 rettulissem
742 2707 911 2745 S.70.27.
932 2710 934 2755 l

183 2751 237 2784 13.
283 2753 376 2786 taut.
393 2749 427 2785 S.
444 2755 476 2786 9.
491 2756 523 2787 3.
567 2755 572 2797 Ι
619 2756 754 2799 superf.
772 2777 813 2781 -
831 2760 935 2803 temp.

178 2795 265 2832 Wie
297 2798 484 2843 temporal
518 2801 589 2836 mit
636 2804 739 2838 caedi
747 2832 755 2848 ,
791 2815 940 2850 puyuae

183 2843 433 2891 ‘fiberleben’‚
455 2858 494 2883 so
522 2849 739 2886 bezeichnet
756 2862 940 2897 superesse

180 2891 252 2928 mit
265 2893 429 2939 anderen
450 2895 613 2932 Dativen
627 2899 857 2944 quantitativ
877 2914 937 2935 zu-

181 2939 317 2976 weilen
331 2941 438 2978 ‘iiber
452 2945 568 2980 etwas
577 2945 710 2982 hinaus
719 2947 887 2983 vorhand
893 2959 939 2984 en

178 2986 342 3034 bleiben,
362 2989 488 3027 davon
515 2993 628 3040 fibrig
648 2995 820 3040 gelassen
847 3007 938 3032 wer-

1016 2375 1114 2418 den’3
1140 2376 1243 2412 Verr.
1254 2380 1326 2413 act.
1339 2378 1355 2412 I
1369 2382 1411 2414 13
1421 2384 1600 2425 quautam
1616 2381 1776 2418 hominis

1015 2425 1228 2460 avarissimi
1243 2430 1308 2461 aut
1322 2427 1613 2472 imprudentiam
1633 2430 1772 2477 supter-

1014 2471 1113 2517 fuyit
1142 2476 1209 2508 aut
1237 2475 1401 2510 satietati
1426 2477 1623 2521 superfuit.
1670 2478 1772 2513 Uber

1014 2519 1082 2555 das
1098 2521 1261 2566 Tempus
1275 2521 1309 2557 S'.
1320 2527 1374 2558 70.
1389 2527 1443 2559 27.
1482 2523 1582 2560 Statt
1601 2528 1772 2571 tempori-

1015 2568 1081 2603 bus
1094 2568 1217 2604 haben
1239 2570 1298 2606 die
1318 2571 1495 2607 besseren
1512 2572 1670 2608 Hdschr.
1686 2577 1772 2609 tem-

1007 2617 1125 2661 poris,
1141 2620 1336 2662 ctempori.
1373 2621 1378 2663 1
1416 2624 1469 2655 15.
1500 2621 1698 2657 serib.S.2.
1713 2626 1744 2657 2.
1764 2622 1766 2668 ξ

1013 2667 1057 2698 22
1068 2675 1148 2710 sqq.
1201 2666 1377 2702 Dieselbe
1395 2667 1598 2703 Definition
1614 2669 1685 2705 mit
1704 2682 1769 2705 an-

1013 2712 1127 2747 deren
1148 2712 1305 2749 Worten
1325 2714 1432 2750 Tusc.
1448 2716 1499 2750 IV
1515 2720 1576 2761 57,
1593 2717 1626 2752 V
1643 2722 1662 2753 7
1680 2719 1768 2761 etc.;

1011 2760 1128 2805 vergl.
1152 2760 1186 2795 S.
1202 2765 1258 2797 89.
1277 2766 1330 2798 16.
1368 2764 1371 2806 ξ
1407 2767 1514 2809 24sq.
1554 2765 1656 2801 haud
1680 2777 1770 2801 saue

1014 2807 1121 2843 S.29.
1139 2812 1193 2844 11.
1217 2810 1222 2853 Ι
1247 2813 1380 2855 25sqq.
1413 2812 1487 2847 sive
1501 2833 1545 2838 —
1559 2814 1768 2859 sive‚jedes

1012 2854 1083 2890 mit
1109 2855 1230 2891 einem
1250 2858 1471 2905 Nachsatze,
1498 2860 1569 2896 wie
1595 2862 1646 2896 III
1666 2866 1711 2896 64
1732 2874 1766 2897 u.

1013 2903 1078 2938 oft.
1103 2905 1107 2947 Ι
1137 2907 1193 2939 28.
1225 2910 1334 2942 coust.
1349 2906 1454 2942 S.45.
1469 2912 1522 2943 16.
1553 2908 1642 2955 129.
1672 2920 1766 2945 oum.

1014 2950 1181 2988 S.99.10.
1217 2953 1222 2999 Ι
1258 2958 1313 2991 31.
1353 2956 1431 2991 sine
1448 2959 1525 2992 arte
1542 2956 1577 2992 S.
1598 2961 1654 2993 20.
1679 2961 1733 2993 18.
1758 2958 1764 3005 Ι

1014 3002 1067 3035 3-2.
1096 3001 1138 3035 iu
1152 3000 1256 3037 841.
1278 3007 1309 3038 6.
1344 3004 1349 3049 Ι
1384 3008 1519 3040 erraut.
1548 3004 1582 3041 S.
1599 3009 1655 3041 43.
1673 3008 1726 3040 18.
1759 3007 1762 3052 Ι
