1891 3213
558 103 705 140 LIBER
733 106 778 141 ΙΙ,
833 107 936 145 CAP.
965 114 997 154 2,
1020 115 1052 146 3.
1105 116 1123 155 ἓ
1152 117 1280 150 6-11,
1649 121 1705 163 97

111 208 338 251 commoda
372 209 498 262 vitae,
532 213 690 269 copias,
725 230 842 271 opes,
874 218 1120 277 facultates,
1154 225 1305 279 quinta
1339 227 1393 269 ad
1426 229 1616 285 eligendi
1642 231 1704 274 iu-

109 267 288 323 dicium,
321 269 358 310 si
391 271 562 325 quando
597 287 664 326 ea,
698 290 807 330 quae
841 277 947 330 dixi,
986 295 1184 337 pugnare
1217 285 1332 328 inter
1365 302 1409 330 se
1443 289 1704 347 viderentur,

107 327 349 371 honestatis
392 344 495 384 pars
545 333 743 377 confecta
788 340 874 393 est,
920 354 1052 395 quam
1094 343 1268 397 quidem
1313 346 1396 389 tibi
1436 350 1564 404 cupio
1609 366 1703 395 esse

105 387 394 432 notissimam.
458 389 554 434 Hoc
587 395 751 451 autem,
797 396 848 439 de
882 413 966 453 quo
999 415 1115 444 nunc
1149 404 1338 461 agimus,
1371 407 1415 449 id
1447 409 1591 464 ipsum
1624 416 1701 466 est⁷

67 447 220 502 §quod
265 448 398 491 utile
446 452 708 506 appellatur.
771 456 823 499 In
862 473 946 513 quo
987 461 1119 505 verbo
1163 463 1288 519 lapsa
1328 471 1594 514 consuetudo
1630 472 1700 515 de-

105 506 224 548 flexit
257 507 308 550 de
341 509 411 551 via
445 511 693 569 sensimque
727 530 776 558 eo
811 517 997 562 deducta
1030 525 1109 577 est,
1142 528 1189 565 ut
1221 524 1501 571 honestatem
1536 531 1590 573 ab
1617 533 1699 575 uti-

103 566 227 609 litate
261 581 489 612 secernens
523 574 810 619 constitueret
843 592 937 621 esse
971 579 1206 626 honestum
1241 585 1417 642 aliquid,
1451 591 1565 645 quod
1592 593 1698 636 utile

101 640 191 668 non
223 631 358 683 esset,
397 632 441 671 et
479 631 607 687 utile,
653 635 767 689 quod
800 651 889 680 non
921 639 1172 698 honestum,
1213 659 1298 700 qua
1329 648 1450 690 nulla
1482 651 1697 705 pernicies

102 686 242 729 maior
273 687 499 732 hominum
533 692 648 735 vitae
681 697 826 750 potuit
859 699 1017 742 afferri.

49 756 84 782 ιο
102 747 195 788 tate
233 747 485 805 philosophi
524 766 671 795 severe
712 770 815 799 sane
855 762 900 801 at

98 805 279 849 confusa
319 810 585 865 cogitatione
624 814 902 873 distinguunt

993 820 1226 879 [Quicquid
1266 827 1380 870 enim
1421 829 1583 873 iustum
1625 833 1693 885 sit⁷

96 864 140 906 id
186 867 317 909 etiam
361 870 466 912 utile
514 886 606 915 esse
652 881 849 932 censent,
895 879 1085 936 itemque
1125 885 1239 939 quod
1282 886 1531 944 honestum,
1576 891 1692 935 idem

96 924 278 982 iustum3
324 942 374 970 ex
407 945 493 986 quo
528 932 734 990 efficitur,
774 941 840 991 ut,
875 941 1079 996 quicquid
1112 942 1345 989 honestum
1380 949 1454 1004 sit,
1486 950 1600 993 idem
1634 953 1691 995 sit

96 984 230 1039 utile]
285 987 410 1038 Quod
438 991 512 1045 qui
544 1007 700 1048 parum
733 999 920 1053 perspici

926 1004 1016 1055 unt,
1049 1002 1080 1043 ii
1109 1017 1238 1059 saepe
1264 1012 1463 1051 versutos
1491 1010 1690 1055 homines

40 1055 80 1084 15
98 1046 142 1086 et
173 1046 351 1090 callidos
385 1049 651 1095 admirantes
685 1057 902 1101 malitiam
936 1061 1196 1115 sapientiam
1228 1066 1434 1111 iudicant.
1498 1070 1691 1121 Quorum

96 1117 217 1148 error
249 1107 498 1162 eripiendus
532 1116 599 1155 est
625 1115 859 1172 opinioque
888 1122 1029 1162 omnis
1058 1123 1111 1165 ad
1139 1138 1234 1167 eam
1263 1141 1382 1182 spem
1410 1130 1689 1187 traducenda,

93 1166 143 1206 ut
173 1165 373 1210 honestis
407 1171 601 1214 consiliis
635 1174 847 1232 iustisque
880 1179 1028 1234 factis,
1060 1197 1150 1225 non
1183 1184 1334 1228 fraude
1367 1191 1408 1230 et
1442 1191 1611 1234 malitia
1644 1208 1688 1235 se

92 1223 354 1282 intellegant
386 1242 448 1283 ea,
480 1245 590 1286 quae
623 1234 779 1287 velint,
814 1241 1018 1295 consequi
1050 1257 1192 1297 posse.

214 1284 334 1335 Quae
366 1302 471 1345 ergo
505 1291 559 1333 ad
591 1294 726 1336 vitam
760 1296 987 1341 hominum
1018 1303 1227 1347 tuendam
1259 1308 1491 1365 pertinent,
1522 1313 1686 1365 partim
1703 1322 1740 1355 11

0 1386 6 1387 ⁷
36 1355 72 1382 20
92 1346 195 1386 sunt
226 1345 440 1403 inanima,
485 1354 533 1392 ut
565 1366 736 1410 aurum,
776 1363 1027 1415 argentum,
1060 1366 1107 1404 ut
1142 1379 1212 1420 ea,
1250 1381 1359 1421 quae
1387 1370 1631 1425 gignuntur
1664 1388 1686 1415 e

91 1405 225 1457 terra,
257 1409 306 1448 ut
339 1407 425 1450 alia
457 1412 629 1465 generis
664 1415 874 1470 eiusdem,
914 1422 1076 1475 partim
1111 1424 1336 1481 animalia,
1377 1444 1486 1484 quae
1518 1432 1684 1476 habent

91 1477 191 1506 suos
224 1465 415 1522 impetus
448 1473 492 1512 et
523 1485 667 1515 rerum
700 1478 936 1531 appetitus.
999 1481 1164 1526 Eorum
1199 1490 1343 1529 autem
1379 1490 1466 1532 alia
1498 1494 1682 1536 rationis

87 1525 285 1578 expertia
305 1530 420 1583 sunt,
447 1529 535 1572 alia
556 1533 724 1576 ratione
745 1539 931 1593 utentia3
959 1546 1156 1597 expertes
1184 1547 1369 1590 rationis
1398 1552 1508 1606 equi,
1536 1552 1682 1609 boves,

87 1583 282 1639 reliquae
345 1589 530 1642 pecudes
545 1625 555 1646 ,

87 1735 123 1770 S.
151 1740 208 1772 23.
239 1742 293 1774 12.
336 1741 341 1784 Ι
384 1746 414 1776 1.
472 1745 615 1789 copias,
645 1758 745 1793 opes,
771 1751 843 1794 fac.

86 1782 123 1818 S.
143 1787 176 1820 8.
201 1789 230 1820 1.
293 1789 297 1831 Ι
354 1789 434 1834 eliy.
473 1792 550 1828 iud.
587 1795 740 1831 'ahnlich
773 1799 843 1835 wie

85 1832 166 1877 eliy.
199 1835 298 1870 ratio
332 1835 388 1880 (S.
403 1842 541 1884 51.11)
581 1842 642 1877 fiir
670 1845 803 1883 electio.

83 1882 118 1914 5.
146 1880 199 1915 In
219 1880 254 1916 S.
276 1885 334 1918 41.
355 1888 387 1920 6.
439 1888 443 1930 l
503 1895 660 1926 consuet.
689 1892 749 1928 die
775 1906 841 1940 ge-

83 1927 300 1965 wohnliche
326 1931 606 1982 Vorstellungs-
639 1941 716 1975 und.
747 1942 841 1977 Aus-

85 1973 354 2022 drueksweise3
393 1980 429 2016 S.
444 1985 547 2018 43.3.
602 1988 605 2029 ᾖ
693 2017 699 2022 .
831 2020 839 2028 .

82 2022 200 2067 vergl.
220 2023 273 2058 III
288 2028 330 2060 11
345 2038 381 2071 p.
397 2040 458 2073 m.,
473 2034 616 2068 34a.m.
641 2036 646 2079 1
671 2039 724 2071 10.
752 2047 841 2074 sane

83 2068 262 2106 S.29.11.
310 2078 315 2116 Ι
354 2075 442 2111 haec
466 2079 560 2124 tria,
586 2080 646 2116 die
673 2082 752 2118 sich
778 2085 840 2121 bei

82 2116 148 2152 der
168 2117 369 2168 Trennung
395 2123 459 2160 des
485 2127 674 2165 honestum
694 2142 728 2165 u,
748 2134 839 2169 utile

78 2165 254 2212 ergeben,
274 2168 340 2205 das
356 2171 452 2207 blofs
467 2173 647 2220 sittliche,
663 2178 729 2214 das
741 2180 837 2217 blofs

78 2213 286 2260 nfitzliehe,
320 2217 387 2253 das
415 2223 560 2258 sowohl
585 2224 753 2262 sittliehe
780 2229 837 2265 als

75 2261 279 2299 nfitzliche.
321 2266 327 2311 Ι
365 2277 502 2314 genere,
522 2271 574 2316 gl.
595 2277 735 2310 natura
763 2276 835 2321 (III

78 2311 246 2353 lla.ex.;
272 2324 301 2347 z.
322 2313 358 2347 II
367 2318 412 2350 60
421 2318 492 2362 ex.)
512 2319 602 2355 oder
621 2333 660 2357 re
679 2322 736 2367 (S.
754 2328 834 2361 107.

81 2357 158 2401 11),
169 2357 218 2392 ist
237 2359 293 2394 als
315 2360 526 2408 Gegensatz
545 2380 589 2402 zu
615 2371 835 2415 cogitatione

77 2403 203 2450 notig3
231 2406 292 2441 die
319 2413 437 2454 guten
456 2412 616 2453 Hdsehr.
631 2417 754 2454 haben
775 2432 832 2466 ye—

74 2461 176 2488 nera.
230 2455 234 2497 Ι
290 2459 346 2491 11.
385 2461 540 2503 confusa
566 2464 637 2500 wie'
671 2465 706 2502 S.
729 2471 832 2514 60.1,

75 2498 122 2534 de
141 2510 192 2536 or.
208 2501 243 2536 II
258 2505 325 2538 177
342 2515 396 2540 ex.
416 2511 459 2542 ut
477 2520 516 2544 re
534 2511 831 2561 distinguantur,

72 2547 190 2583 verbis
200 2550 356 2594 confusa
366 2563 439 2590 esse
447 2556 658 2604 videantur,
673 2561 733 2598 fin.
743 2563 777 2598 V
786 2568 830 2600 67

71 2593 160 2630 haec
173 2597 386 2636 coniwnctio
399 2604 637 2652 confusioque
650 2609 830 2647 virtutum

71 2652 96 2676 a
125 2643 355 2692 philosophis
397 2651 542 2688 ratione
578 2657 740 2699 quadam
771 2660 828 2695 di-

68 2689 292 2738 stinguitur,
331 2694 425 2732 Sest.
452 2703 473 2733 5
500 2701 541 2736 in
572 2702 642 2739 hac
673 2707 828 2750 confusa

71 2739 179 2782 atque
213 2742 389 2780 universa
432 2747 657 2796 defensione,
700 2754 827 2799 gleich

68 2783 166 2821 inter
202 2798 239 2823 se
277 2791 453 2837 colliyata
491 2800 599 2842 atque
633 2800 826 2846 implicata

69 2830 106 2866 S.
123 2836 177 2870 13.
193 2838 233 2880 8,
259 2838 492 2878 cohaerentia
519 2844 574 2880 Ι-ΙΙ
591 2851 643 2881 11.
678 2850 683 2893 Ι
719 2852 823 2896 coyit.

69 2878 105 2914 S.
132 2884 189 2918 59.
217 2887 279 2927 203
320 2890 351 2922 9.
373 2892 406 2924 3.
460 2892 465 2935 Ι
526 2893 653 2940 Quieq.
692 2917 737 2923 —
775 2900 825 2934 sit

65 2928 158 2964 utile
181 2929 233 2966 ist
258 2931 357 2979 hier,
401 2948 459 2974 wo
492 2951 566 2976 von
591 2942 658 2978 der
689 2944 820 2982 Unter-

138 2993 267 3031 Crono,
287 2999 323 3025 de
343 3001 424 3028 offic.

633 1595 791 1651 [apes‚]
851 1613 1034 1654 quarum
1091 1618 1218 1659 opere
1277 1608 1464 1652 efficitur
1518 1613 1681 1669 aliquid

920 1755 1128 1803 scheidung
1147 1758 1211 1794 des
1232 1760 1420 1798 honestum
1445 1777 1479 1800 u.
1508 1767 1598 1802 utile
1618 1767 1678 1803 die

919 1802 1021 1838 Rede
1048 1804 1115 1849 ist,
1146 1806 1208 1842 ein
1226 1820 1271 1843 zu
1291 1811 1511 1849 verkehrter
1531 1814 1676 1851 Beweis

916 1861 991 1885 von
1011 1851 1077 1887 der
1091 1853 1273 1891 Identit'at
1287 1857 1496 1905 derselben,
1517 1862 1573 1897 als
1595 1863 1675 1899 dass

916 1908 956 1932 er
988 1910 1062 1935 von
1095 1900 1168 1938 Cic.
1205 1904 1287 1939 hier
1326 1908 1560 1952 angebracht
1595 1912 1676 1947 sein

915 1945 1068 1983 konnte.
1114 1949 1190 1985 Der
1208 1951 1463 1998 Interpolator
1482 1957 1550 1993 hat
1566 1962 1676 1995 unter

914 1993 1002 2029 haee
1027 1997 1102 2032 tria
1123 1997 1325 2036 falschlich
1346 2003 1411 2038 das
1438 2005 1588 2050 iustum,
1614 2008 1674 2043 ho-

913 2045 1055 2078 nestum
1088 2056 1122 2080 u.
1156 2047 1248 2082 utile
1278 2052 1514 2088 verstanden.
1565 2054 1673 2090 Nach

913 2087 1164 2139 Auswerfung
1200 2094 1264 2130 des
1299 2096 1486 2136 Glossems
1522 2101 1672 2139 bezieht

914 2136 994 2171 sich
1029 2139 1136 2185 Quod
1167 2144 1233 2187 qui
1265 2164 1309 2169 —
1341 2146 1482 2194 richtig
1515 2150 1580 2184 auf
1604 2150 1671 2186 das

911 2185 1218 2232 vorhergehende
1244 2192 1457 2240 philosophi
1482 2198 1588 2243 coyit.
1615 2200 1670 2234 di-

910 2233 1019 2278 stiny.
1050 2239 1054 2274 ί
1092 2240 1135 2271 15
1147 2249 1200 2283 sq.
1243 2240 1353 2286 Quor.
1375 2253 1476 2280 error
1502 2247 1590 2291 erip.
1607 2251 1667 2282 est.

910 2279 1003 2316 Sull.
1020 2285 1064 2317 28
1084 2284 1215 2321 horum
1227 2288 1327 2330 faces
1341 2292 1479 2336 eripere
1493 2294 1536 2328 cle
1548 2297 1668 2330 mani-

910 2328 977 2363 bus
997 2333 1030 2365 et
1042 2331 1188 2377 yladios
1201 2339 1423 2384 extorquere,
1445 2339 1665 2379 Verr.1114s

908 2386 1030 2412 omnes
1067 2384 1259 2418 aratorum
1301 2387 1476 2428 fortunas
1516 2392 1666 2436 eripere,

906 2423 1035 2461 Plane.
1052 2430 1096 2462 98
1117 2440 1271 2473 quorum
1290 2434 1431 2476 ferrum
1450 2447 1468 2470 e
1492 2439 1666 2475 manibus

907 2477 1124 2520 extorserat,
1162 2476 1266 2516 Verr.
1287 2481 1356 2516 Vs
1388 2485 1552 2520 tunicam
1585 2487 1665 2522 eius

906 2531 929 2554 a
942 2525 1088 2565 pectore
1098 2524 1267 2571 abscidit,
1296 2528 1440 2574 S.50.9‚
1462 2532 1516 2567 ΙΙΙ
1531 2538 1596 2568 112
1607 2545 1662 2570 ex.

905 2566 1212 2614 Vergl.S.28.12.
1247 2577 1251 2619 Ι
1289 2580 1423 2622 16sqq.
1463 2590 1665 2626 eamspem,

903 2619 946 2651 ut
970 2618 1084 2654 intell.
1120 2619 1154 2656 S.
1186 2626 1216 2657 7.
1245 2627 1278 2659 3.
1315 2626 1318 2668 Ι
1355 2636 1448 2661 omn.
1478 2627 1585 2665 S.71.
1604 2634 1659 2666 11.

953 2668 1007 2699 19.
1066 2678 1150 2712 erqo
1195 2671 1230 2705 S.
1266 2675 1321 2706 77.
1355 2676 1387 2707 3.
1457 2674 1462 2719 Ι
1522 2679 1660 2721 pertin.

903 2710 1008 2747 S.23.
1025 2717 1080 2749 12.
1135 2717 1140 2758 Ι
1193 2721 1250 2754 22.
1300 2720 1422 2764 impet.
1457 2744 1501 2747 —
1537 2730 1658 2770 appet.

902 2758 936 2795 S.
955 2764 1083 2797 15.10.
1119 2766 1124 2805 Ι
1160 2768 1216 2800 24.
1250 2777 1337 2811 apes
1354 2768 1406 2804 ist
1419 2769 1546 2807 hinter
1571 2773 1659 2810 dem

900 2807 1153 2853 allgemeinen
1190 2813 1353 2859 reliquae
1386 2820 1547 2861 pecudes
1591 2834 1656 2857 un-

898 2856 1072 2898 passend.
1107 2860 1111 2903 Ι
1146 2858 1249 2896 Statt
1262 2872 1385 2907 opere,
1410 2865 1570 2903 ‘Arbeit'
1586 2869 1657 2905 mit

896 2901 1105 2941 Rficksicht
1126 2906 1195 2942 auf
1210 2908 1277 2944 das
1296 2910 1483 2959 Resultat,
1507 2915 1656 2952 ‘Werk—

896 2949 1122 2998 th'atigkeit,
1162 2956 1456 3000 produzierende
1496 2963 1654 3010 Th‘atig·

1343 3023 1361 3054 7

1082 701 1261 747 Summa
1301 708 1475 762 quidem
1509 713 1696 755 auctori·
1714 723 1757 755 10

905 774 987 815 que
1026 761 1210 806 honeste
1255 765 1360 809 haec
1406 770 1491 812 tria
1537 786 1695 828 genere
