1891 3213
38 1324 77 1350 20

503 68 650 104 LIBER
677 68 719 103 ΙΙ.
773 67 876 103 CAP.
906 72 937 111 e,
967 72 997 102 7.
1043 72 1062 111 ξ
1090 72 1242 104 21—25.

97 193 228 222 xume
251 181 437 233 mortuo,
457 179 470 220 i
489 178 658 220 iteritus
681 177 885 230 declarat,
906 180 1115 231 quantum
1137 178 1283 220 odium
1303 178 1530 220 hominum
1550 178 1695 220 valeat

1611 68 1695 110 103

99 239 155 281 ad
187 244 370 294 pestem,
405 238 480 280 sed
505 237 772 292 reliquorum
807 237 970 278 similes
1004 238 1143 279 exitus
1170 240 1473 292 tyrannorum,
1507 253 1693 292 quorum

99 298 217 340 haud
250 298 339 340 fere
374 298 602 353 quisquam
635 297 771 339 talem
805 296 1031 337 interitum
1066 297 1240 352 efiugit3
1288 297 1427 339 malus
1471 298 1587 339 enim
1629 301 1695 339 est

101 361 247 400 custos
280 357 581 400 diuturnitatis
615 359 757 398 metus
791 358 1025 410 contraque
1052 356 1351 398 benivolentia
1377 356 1517 398 fidelis
1544 358 1612 399 vel
1639 357 1692 399 ad

59 429 80 455 5
98 418 452 472 perpetuitatem.
517 416 599 459 Sed
632 417 698 471 iis,
730 416 804 471 qui
836 416 880 457 vi
913 430 1145 471 oppressos
1179 416 1362 471 imperio
1389 420 1599 467 coercent,
1635 417 1692 459 sit
1707 428 1753 460 24

99 491 203 519 sane
236 477 482 519 adhibenda
522 476 724 530 saevitia,
769 479 818 517 ut
856 475 940 517 eris
981 476 1026 516 in
1066 475 1277 529 famulos,
1324 476 1359 517 si
1394 476 1519 518 aliter
1552 478 1691 519 teneri

96 551 187 578 non
217 539 419 592 possunt,
465 536 539 592 qui
576 551 679 578 vero
719 536 763 577 in
803 535 941 577 libera
974 535 1151 577 civitate
1184 536 1247 577 ita
1281 550 1326 577 se
1360 536 1602 591 instruunt,
1644 540 1692 579 ut

97 598 361 652 metuantur,
392 597 447 638 iis
480 596 592 638 nihil
619 598 766 651 potest
793 609 886 637 esse
914 595 1167 637 dementius.
1220 594 1427 644 Quamvis
1456 596 1572 637 enim
1600 597 1690 638 sint

97 655 316 698 demersae
361 656 481 712 leges
527 656 706 698 alicuius
753 655 928 710 opibus,
980 655 1179 710 quamvis
1226 655 1450 698 timefacta
1494 656 1690 712 libertas,

43 727 78 754 ιο
100 718 330 771 emergunt
360 718 510 758 tamen
536 715 644 758 haec
671 714 902 770 aliquando
931 719 1006 757 aut
1031 715 1200 757 iudiciis
1227 715 1373 757 tacitis
1401 718 1477 757 aut
1504 716 1687 758 occultis

99 775 150 817 de
182 775 348 818 honore
383 775 613 831 suffragiis.
664 775 867 817 Acriores
902 778 1049 817 autem
1083 789 1254 817 morsus
1283 777 1385 816 sunt
1411 775 1690 818 intermissae

95 835 314 877 libertatis
354 850 484 890 quam
522 838 732 878 retentae.

794 834 917 884 Quod
951 835 1087 890 igitur
1125 835 1351 877 latissume
1390 838 1511 890 patet
1550 850 1690 891 neque

97 894 150 936 ad
184 895 529 938 incolumitatem
564 895 719 949 solum,
753 895 827 936 sed
860 895 991 936 etiam
1020 895 1072 936 acl
1100 909 1204 949 opes
1232 898 1275 937 et
1302 895 1544 949 potentiam
1573 896 1690 938 valet

95 954 345 1009 plurimum,
378 955 421 996 id
456 955 782 1010 amplectamur,
816 957 864 995 ut
896 957 1037 995 metus
1072 954 1206 1009 absit,
1241 955 1403 996 caritas
1436 956 1690 997 retineatur.

42 1026 76 1052 15
96 1013 167 1055 Ita
198 1013 425 1069 facillime,
458 1029 566 1069 quae
600 1015 815 1068 volemus,
848 1016 891 1055 et
922 1014 1105 1069 privatis
1139 1014 1185 1055 in
1217 1014 1347 1056 rebus
1382 1017 1424 1056 et
1456 1014 1501 1056 in
1533 1029 1578 1056 re
1611 1030 1689 1070 pu-

99 1073 214 1116 blica
259 1088 585 1129 consequemur.

648 1074 824 1116 Etenim
872 1074 944 1128 qui
988 1088 1032 1115 se
1075 1074 1211 1115 metui
1255 1075 1422 1128 volent,
1469 1089 1493 1116 a
1532 1075 1688 1129 quibus

97 1136 367 1188 metuentur,
400 1133 574 1175 eosdem
608 1136 804 1175 metuant
836 1134 919 1188 ipsi
950 1148 1126 1175 necesse
1160 1136 1236 1175 est.

97 1207 239 1234 semus
274 1193 539 1248 superiorem
571 1193 694 1234 illum
727 1193 991 1248 Dionysium
1025 1208 1108 1248 quo
1152 1194 1346 1235 cruciatu
1378 1194 1550 1235 timoris
1585 1195 1687 1250 angi

97 1252 293 1305 solitum,
338 1253 411 1308 qui
450 1253 613 1295 cultros
656 1256 854 1294 metuens
887 1253 1107 1295 tonsorios
1141 1253 1350 1295 candente
1383 1253 1571 1295 carbone
1606 1255 1687 1296 sibi

97 1311 308 1354 adurebat
340 1312 578 1368 capillum?
625 1312 759 1367 quid?
812 1312 1110 1354 Alexandrum
1145 1312 1388 1355 Pheraeum
1422 1328 1505 1368 quo
1540 1314 1686 1356 animo

93 1371 252 1414 vixisse
294 1371 588 1414 arbitramur?
639 1373 732 1427 qui,
777 1376 826 1414 ut
872 1373 1082 1427 scriptum
1121 1372 1326 1428 legimus,
1372 1387 1469 1414 cum
1509 1388 1687 1415 uxorem

94 1430 274 1473 Theben
308 1431 538 1473 admodum
573 1432 794 1487 diligeret,
836 1435 986 1474 tamen
1019 1432 1073 1473 ad
1106 1446 1200 1474 eam
1235 1447 1286 1474 ex
1320 1433 1458 1488 epulis
1492 1433 1537 1475 in
1569 1433 1685 1475 cubi-

92 1490 238 1532 culum
264 1491 439 1533 veniens
467 1491 714 1544 barbarum,
747 1495 789 1534 et
816 1507 914 1533 eum
942 1491 1128 1547 quidem,
1160 1495 1209 1533 ut
1237 1493 1447 1547 scriptum
1475 1495 1552 1547 est,
1586 1508 1685 1535 con-

92 1552 303 1604 punctum
334 1551 453 1593 notis
487 1550 725 1606 Thraeciis,
758 1551 964 1593 destricto
992 1552 1139 1607 gladio
1167 1552 1345 1594 iubebat
1373 1553 1536 1594 anteire
1563 1568 1684 1608 prae-

93 1714 183 1738 man
208 1703 278 1738 mit
293 1704 459 1740 Unrecht
494 1704 590 1739 auch
617 1704 785 1740 dadurch
806 1717 850 1739 zu

91 1752 240 1786 stx‘itzen
266 1752 424 1797 gesucht
462 1753 546 1797 hat,
587 1752 668 1787 dass
707 1752 747 1787 in
785 1752 851 1787 der

93 1798 195 1834 That
215 1799 273 1834 die
289 1799 421 1835 VVorte
443 1812 546 1845 quem
566 1801 682 1836 armis
696 1821 742 1825 —
756 1811 850 1835 mor-

90 1843 155 1881 tuo
182 1847 248 1882 das
274 1847 517 1893 widerlegen,
544 1859 621 1883 was
642 1849 850 1893 behauptet

93 1893 198 1928 wird.
250 1893 442 1940 Verg1.111
457 1899 512 1931 19.
527 1908 576 1932 m.
608 1898 612 1940 Ι
649 1907 730 1931 cum
751 1907 849 1931 macc.

96 1941 198 1976 steht
223 1942 294 1977 mit
318 1943 394 1978 und
420 1944 518 1979 ohne
544 1954 645 1979 nunc
665 1943 763 1979 efter
783 1944 849 1978 ad-

94 1988 254 2024 verbiell
274 1989 335 2024 fiir
363 1990 495 2035 ‘grade
514 1992 610 2036 jetzt
628 1991 847 2026 besonders’

94 2035 165 2070 wie
192 2040 267 2072 tum
289 2048 386 2073 max.
415 2049 488 2073 von
515 2038 582 2073 der
607 2038 850 2084 Vei-gangen-

94 2083 184 2119 heit.
236 2084 535 2130 Vergl.S.31.3.
573 2087 577 2128 Ι
614 2090 644 2122 1.
696 2090 849 2121 mortuo.

93 2130 280 2167 Antonius
306 2133 412 2167 hatte
448 2133 729 2178 durchgesetzt‚
768 2133 849 2169 dass

90 2178 155 2213 die
192 2183 277 2214 acta
311 2179 496 2224 Caesaris,
536 2181 633 2216 auch
667 2181 726 2216 die
752 2180 850 2217 noch

91 2225 199 2261 nicht
205 2226 716 2274 veroffentlichten,Geltung
725 2228 850 2264 haben

91 2273 241 2310 sollten.
272 2277 276 2319 Ι
306 2280 339 2310 4.
367 2276 416 2311 ad
432 2275 551 2312 S.1.5.
588 2278 592 2321 Ι
627 2280 660 2312 5.
689 2287 848 2322 oppress.

89 2320 199 2358 ι8,.10.
218 2326 272 2357 16.
302 2322 307 2368 1
337 2327 368 2359 6.
402 2334 490 2359 sane
517 2323 726 2370 S.29.11.1
757 2329 787 2360 7.
815 2335 850 2360 se

91 2369 199 2406 instr.
227 2369 298 2405 mit
323 2370 395 2405 den
420 2370 572 2406 Mitteln
598 2372 664 2407 der
690 2371 847 2407 Gewalt.

92 2415 199 2452 Verr.
214 2416 266 2451 IV
281 2421 324 2451 41
354 2419 404 2453 acl
428 2419 611 2454 iudicium
629 2421 794 2455 nondum
813 2431 849 2455 se

87 2465 184 2500 satis
221 2465 453 2501 instruxerat
490 2465 562 2501 mit
600 2466 849 2503 Geldmitteln

86 2511 518 2559 -durchErpressungen;
535 2515 652 2549 unten
660 2513 695 2550 S.
707 2519 785 2550 110.
798 2519 828 2551 1.
842 2516 845 2560 l

95 2561 127 2593 9.
167 2560 316 2595 libertas
344 2559 378 2595 S.
396 2565 449 2596 10.
464 2565 495 2596 9.
526 2562 530 2603 Ι
562 2565 616 2597 10.
667 2563 782 2607 aliqu.
812 2563 847 2598 S.

94 2609 152 2641 69.
169 2610 201 2642 9.
243 2608 248 2644 Ι
290 2611 357 2642 aut
375 2628 417 2633 —
433 2612 499 2643 aut
513 2608 549 2644 S.
567 2613 596 2644 7.
614 2612 646 2644 9.
681 2611 686 2654 Ι
725 2614 778 2645 11.
805 2611 849 2645 de

91 2653 175 2690 hon.
207 2655 363 2700 suffrag.
400 2654 435 2690 S.
450 2660 506 2691 30.
525 2660 580 2691 12.
631 2657 716 2692 Wie
744 2657 847 2692 Suet.

87 2699 198 2736 Caes.
214 2705 260 2737 80
282 2703 435 2746 erz'ahlt‚
457 2707 544 2748 post
557 2708 708 2740 remotos
724 2704 845 2740 Caese-

86 2749 186 2783 tium
212 2753 245 2784 et
271 2750 484 2786 Marullum
509 2752 678 2787 tribunos
703 2757 847 2797 reperta

91 2799 180 2831 sunt
218 2798 403 2841 promimis
452 2799 608 2834 comitiis
657 2801 847 2845 complura

85 2844 277 2889 suffrayia
286 2856 371 2880 coss.
383 2857 439 2881 eos
450 2847 729 2882 declarantium.
758 2847 847 2882 Dass

86 2890 152 2926 die
199 2891 413 2939 Stimmung
457 2894 522 2929 des
574 2894 713 2930 Volkes
765 2895 845 2930 sich

925 1705 1158 1740 namentlich
1173 1705 1235 1740 bei
1245 1705 1516 1751 Schauspielen
1529 1706 1584 1741 oft
1596 1706 1683 1741 sehr

926 1752 1187 1788 vernehmlich
1213 1753 1395 1797 'ausserte‚
1422 1764 1558 1789 wovon
1584 1766 1618 1788 u.
1648 1766 1681 1789 a.

928 1800 1080 1835 ebenda
1110 1800 1171 1835 ein
1210 1801 1374 1846 Beispiel
1408 1801 1552 1837 erzahlt
1590 1801 1684 1837 wird

927 1848 1203 1893 (Friedlanden
1213 1848 1507 1894 Darstellungen
1517 1848 1569 1883 115
1580 1853 1648 1885 265
1659 1853 1686 1894 ),

925 1896 1174 1942 verschweigt
1196 1896 1270 1932 Cic.
1293 1897 1375 1932 hier
1396 1896 1592 1932 vielleicht
1619 1898 1682 1933 ab·

926 1943 1112 1979 sichtlich.
1137 1948 1141 1988 Ι
1165 1944 1254 1980 Acr.
1275 1965 1329 1978 ——.
1352 1944 1422 1980 Die
1433 1945 1683 1981 unterdriickt

925 2002 1118 2036 gewesene
1129 1992 1298 2027 Freiheit
1310 1991 1401 2027 f'allt
1413 1992 1681 2028 leidenschaft-

925 2039 1045 2073 licher
1070 2039 1164 2074 iiber
1189 2039 1271 2074 ihre
1293 2039 1576 2075 Unterdrficker
1601 2040 1680 2085 her,

925 2086 981 2121 als
1012 2085 1073 2121 die
1102 2086 1163 2122 nie
1197 2088 1364 2132 gestorte
1405 2086 1486 2122 sich
1521 2087 1681 2124 aussert.

925 2134 1079 2169 Morsus
1114 2134 1228 2169 heisst
1272 2134 1351 2170 also
1384 2134 1491 2170 nicht
1518 2135 1588 2171 wie
1615 2147 1679 2182 ge-

924 2180 1113 2216 wohnlich
1126 2181 1288 2217 bildlich
1303 2182 1540 2228 Schmerzen‚
1562 2183 1680 2219 Kran-

923 2228 1094 2274 kungen,
1147 2230 1309 2265 sondern
1352 2230 1540 2276 Angriffe‚
1588 2233 1681 2267 Ans—

922 2276 1076 2312 brfiche.
1107 2280 1111 2321 1
1144 2282 1186 2313 17
1200 2289 1281 2323 sqq.
1311 2279 1411 2324 Quid
1428 2300 1469 2304 —
1485 2278 1678 2324 angisow

925 2323 959 2359 S.
977 2324 1086 2360 Rosc.
1103 2329 1148 2360 49
1172 2325 1274 2371 Quid
1294 2337 1413 2362 censes
1437 2327 1535 2362 hunc
1556 2328 1679 2372 ipsum

923 2371 1023 2408 Seoet.
1056 2372 1234 2408 Roscium
1274 2385 1345 2419 quo
1377 2375 1500 2410 studio
1533 2385 1604 2410 esse
1636 2376 1678 2410 in

922 2420 1030 2455 rebus
1055 2420 1245 2465 rusticis?,
1279 2422 1352 2457 div.
1369 2422 1463 2457 1123
1482 2422 1581 2468 Quid
1593 2433 1676 2458 vero

924 2467 1115 2503 Caesarem
1139 2472 1314 2513 putamus
1341 2490 1384 2495 -
1412 2481 1482 2514 quo
1508 2471 1678 2505 cruciatu

923 2516 1041 2550 animi
1060 2517 1175 2551 vitam
1195 2520 1365 2552 acturum
1384 2516 1526 2560 fuisse?
1550 2517 1674 2563 Vergl.

922 2563 968 2598 N.
983 2562 1027 2598 D.
1043 2564 1058 2597 I
1075 2567 1119 2599 82
1144 2563 1243 2609 Quid
1256 2565 1374 2609 iyitur
1388 2564 1533 2600 censes?
1561 2565 1677 2609 Apim

921 2611 1028 2645 illum
1047 2621 1168 2646 nonne
1189 2613 1295 2646 deum
1307 2613 1426 2647 videri
1439 2612 1675 2658 Aeyyptiz·s?‚

921 2657 1020 2694 Phil.
1040 2658 1110 2693 XII
1126 2663 1145 2694 7
1170 2659 1269 2704 Quid
1281 2660 1490 2704 municipia
1501 2659 1677 2696 censetis?

920 2707 1012 2749 quid
1048 2705 1238 2741 colonias?
1284 2707 1375 2752 quid
1400 2711 1570 2743 cunctam
1596 2708 1675 2743 Ita-

921 2752 1038 2787 liam?
1064 2754 1234 2796 futuram
1260 2755 1380 2789 eodem
1405 2754 1555 2790 studio?
1588 2757 1591 2799 Ι
1616 2760 1673 2792 21.

920 2801 1045 2844 script.
1085 2801 1147 2846 leq.
1188 2801 1248 2836 fiir
1278 2802 1442 2837 videmus
1481 2804 1520 2846 (ξ
1543 2807 1586 2838 63
1603 2806 1674 2848 ex.)

920 2859 990 2881 nur
1016 2848 1097 2882 hier
1131 2848 1190 2882 bei
1225 2848 1317 2892 Cic.⁷
1358 2851 1509 2895 leyimus
1533 2850 1600 2886 fat.
1619 2855 1673 2895 10,

920 2894 1017 2930 oster
1044 2895 1105 2930 bei
1131 2895 1324 2941 Spateren.
1349 2901 1353 2942 Ι
1384 2901 1440 2934 24.
1468 2899 1566 2934 notis
1583 2898 1671 2934 Thr.

1301 1133 1411 1184 Quid
1445 1134 1561 1175 enim
1594 1149 1722 1177 cen-2
