1891 3213
443 61 447 64 ’
501 78 646 115 LIBER
673 79 733 115 111.
787 80 890 118 CAP.
919 85 975 126 25,
1004 86 1058 118 26.
1106 86 1124 126 g
1152 87 1304 120 94-99,

1615 87 1700 131 185

105 191 209 232 sunt
240 188 350 232 duae
382 193 529 246 partes
563 189 822 247 honestatis,
856 207 1040 249 quarum
1074 194 1214 237 altera
1247 195 1291 238 in
1325 197 1458 239 animi
1486 198 1697 241 excellen-

103 249 160 292 tis
192 250 494 307 magnitudine
528 253 571 294 et
596 252 868 307 praestantia
894 254 1095 309 cernitur,
1123 255 1259 297 altera
1280 256 1326 298 in
1347 258 1695 303 conformatione

104 313 148 353 et
178 310 479 354 moderatione
512 311 810 355 continentiae
843 315 887 355 et
919 315 1248 370 temperantiae.

227 369 344 414 Utile
390 371 618 414 videbatur
655 371 794 424 Ulixi,
839 377 888 416 ut
933 374 1107 430 quidem
1149 379 1306 431 po'etae
1352 379 1511 435 tragici
1553 395 1631 434 pro

1636 380 1694 423 dl·
1711 408 1755 440 97

69 430 264 474 5derunt
309 431 430 488 (nam
476 433 591 488 apud
634 432 894 486 Homerum,
945 438 1175 491 optumum
1222 440 1461 493 auctorem,
1512 440 1611 483 talis
1645 441 1696 484 de

103 490 231 535 Ulixe
263 492 388 534 nulla
420 493 609 548 suspicio
637 493 741 550 est),
775 494 848 536 sed
875 495 1135 539 insimulant
1161 512 1258 540 eum
1286 499 1538 555 tragoediae
1566 502 1696 544 simu-

102 552 265 594 latione
291 552 489 595 insaniae
516 553 719 596 militiam
747 555 1052 613 subterfugere
1079 557 1282 601 voluisse.
1334 558 1433 603 Non
1460 561 1696 605 honestum

101 612 352 668 consilium,
393 616 439 655 at
470 614 593 668 utile,
627 617 676 657 ut
707 615 864 671 aliquis
892 617 1079 660 fortasse
1106 618 1278 675 dixerit,
1312 635 1492 677 regnare
1514 624 1558 664 et
1578 622 1696 666 Itha-

101 686 177 716 cae
209 673 352 716 vivere
385 674 523 717 otiose
557 690 653 717 cum
674 676 942 732 parentibus,
982 693 1079 720 cum
1102 694 1247 734 uxore,
1268 695 1366 724 cum
1388 682 1488 725 filio.
1543 681 1694 726 Ullum

48 743 82 771 10
101 735 150 776 tu
183 731 310 776 decus
351 734 395 776 in
435 735 669 778 cotidianis
708 736 930 780 laboribus
975 742 1019 781 et
1063 740 1270 795 periculis
1315 757 1413 784 cum
1458 743 1539 786 hac
1577 747 1695 787 tran-

102 793 320 850 quillitate
353 794 662 839 conferendum
694 798 852 852 putas?

916 798 1012 855 Ego
1046 815 1147 843 vero
1174 801 1303 844 istam
1331 804 1694 847 contemnendam

102 856 146 896 et
178 853 463 910 abiciendam,
496 857 715 912 quoniam,
748 873 858 914 quae
892 859 1078 903 honesta
1110 876 1199 904 non
1233 863 1302 918 sit,
1334 879 1388 906 ne
1422 864 1574 907 utilem
1602 866 1693 922 qui-

101 913 199 957 dem
233 929 326 958 esse
360 916 559 960 arbitror.

626 916 738 968 Quid
772 919 888 961 enim
915 920 1164 964 auditurum
1191 927 1319 978 putas
1347 925 1481 967 fuisse
1509 924 1755 982 Ulixem,9s

101 975 138 1018 si
171 974 218 1017 in
250 975 326 1018 illa
358 976 639 1020 simulatione
673 981 1071 1034 perseveravisset?
1123 983 1196 1038 qui
1236 999 1334 1027 cum
1375 987 1586 1030 maximas
1627 1003 1696 1031 res

45 1047 80 1074 15
100 1036 285 1092 gesserit
317 1036 363 1079 in
396 1037 525 1093 bello,
558 1041 706 1081 tamen
741 1040 846 1083 haec
880 1042 1029 1084 audiat
1062 1043 1115 1085 ab
1150 1044 1305 1088 Aiace:

162 1094 324 1139 Cuius
357 1096 468 1153 ipse
502 1099 745 1156 princeps
779 1101 914 1144 iuris
948 1102 1158 1145 iurandi
1188 1105 1302 1160 fuit,

162 1155 306 1206 Quod
341 1159 516 1201 omnes
551 1160 715 1215 scitis,
749 1162 891 1204 s61us
925 1164 1164 1219 neglexit
1197 1166 1373 1223 fidem,

159 1214 350 1260 Furere
384 1218 724 1276 adsimulare,
757 1223 818 1264 ne
852 1224 1036 1279 coiret,
1070 1223 1289 1270 sustitit.

161 1275 368 1327 Quodnl'
396 1277 663 1323 Palamedi
696 1283 973 1338 perspicax
1008 1286 1290 1340 prudentia

45 1348 81 1376 20

161 1335 327 1380 Istius
360 1347 643 1396 perspexet
676 1342 1000 1386 malitiosam
1035 1347 1327 1404 audaciam,

159 1396 286 1440 Fide
319 1403 556 1443 sacratae
589 1402 666 1444 i1is
700 1408 954 1460 perpetuo
989 1406 1214 1450 falleret.

96 1456 167 1500 Illi
199 1472 301 1502 vero
333 1474 421 1503 non
453 1461 583 1504 modo
616 1476 713 1505 cum
745 1463 960 1517 hostibus,
993 1481 1144 1509 verum
1179 1469 1310 1512 etiam
1345 1484 1440 1513 cum
1475 1471 1754 1530 fluctibus,99

97 1517 142 1560 id
175 1519 290 1575 quod
323 1519 445 1576 fecit,
479 1521 686 1566 dimicare
720 1525 874 1567 melius
909 1527 991 1568 fuit
1025 1543 1154 1583 quam
1189 1529 1383 1573 deserere
1417 1534 1694 1576 consentien-

98 1676 130 1708 2.
176 1684 271 1710 cern.
300 1675 335 1711 S.
352 1679 408 1712 44.
425 1680 458 1712 4.
512 1679 516 1719 l
570 1679 666 1721 conf.
701 1683 733 1715 et
765 1682 858 1717 mod.

100 1721 280 1768 ‘Bildung
307 1723 587 1772 (Veredelung;
629 1726 662 1764 S.
678 1732 710 1763 5.
728 1731 792 1773 23)
823 1742 856 1765 u.

96 1769 649 1818 Leitung',namlaeznimormn.
675 1778 679 1820 Ι
703 1781 734 1812 3.
764 1782 856 1813 cont.

97 1821 130 1854 et
153 1822 259 1864 temp.
286 1819 337 1855 ist
356 1820 589 1867 subjektiver
610 1824 720 1860 Gen.:
752 1825 856 1862 ‘wel-

97 1866 166 1903 che
208 1867 269 1904 die
303 1867 588 1906 Besonnenheit
622 1893 665 1898 —
704 1874 854 1910 ausfibt’

98 1914 200 1960 oder,
238 1928 316 1952 was
349 1917 519 1954 dasselbe
555 1922 657 1967 sagt,
697 1922 856 1959 ‘welche

96 1962 136 1998 in
170 1963 231 1999 ihr
267 1964 376 2011 liegt'
415 1965 543 2011 (S.34.
562 1971 637 2013 13).

146 2015 179 2047 4.
230 2014 385 2059 utquid.
405 2015 648 2062 ‘wenigstens
664 2018 759 2053 nach
778 2019 857 2055 der

95 2059 326 2108 Erztihlung,
343 2061 404 2098 die
424 2063 485 2100 die
500 2064 685 2111 Tragiker
704 2067 854 2113 geben’.

95 2107 181 2143 Wie
208 2121 253 2144 zu
280 2110 365 2146 dem
386 2110 562 2148 Pronom.
583 2114 661 2158 rel.,
693 2126 734 2151 so
762 2115 856 2152 wird

96 2156 279 2193 znweilen
299 2159 397 2194 anch
421 2172 465 2195 zu
485 2160 572 2196 dem
591 2161 753 2200 Adverb.
775 2166 855 2210 qui-

95 2203 176 2240 dem
188 2208 391 2251 zngesetzt,
413 2221 442 2243 z.
459 2208 500 2244 B.
516 2209 618 2246 Brut.
633 2214 700 2247 185
715 2216 756 2248 ut
771 2214 854 2258 qui—

96 2252 175 2288 dem
189 2264 252 2299 eqo
265 2255 394 2299 sentio,
409 2260 479 2293 279
490 2268 543 2293 ex.
556 2263 599 2295 ut
609 2260 754 2305 quidem
764 2262 856 2297 mihi

95 2300 252 2346 videtur,
279 2303 358 2339 Att.
375 2304 409 2340 II
425 2309 456 2341 6.
476 2309 492 2340 1
511 2317 565 2342 ex.
588 2308 655 2343 ubi
673 2310 828 2355 quidem.
847 2311 851 2357 Ι

94 2351 128 2384 5.
161 2360 249 2386 nam
277 2349 422 2399 S.39.'⁴7.
459 2355 465 2399 Ι
501 2359 533 2390 6.
560 2357 623 2392 sed
643 2356 678 2394 S.
691 2361 814 2394 65.16.
845 2360 848 2406 Ι

95 2397 216 2433 iusim.
239 2402 333 2446 tray.
362 2399 398 2436 S.
416 2405 495 2437 151.
513 2407 544 2438 9.
581 2407 585 2448 Ι
626 2406 707 2442 sim.
728 2407 798 2443 ius.
815 2406 851 2443 S.

96 2448 246 2483 177.18.
287 2449 293 2492 ἱ
334 2448 418 2484 Von
433 2449 639 2496 Sophocles
653 2454 749 2489 wird
769 2455 852 2492 eine

95 2491 283 2540 Tragfidie
309 2492 509 2540 Ὀδυσσεὺς
540 2498 774 2547 μαινόμενος
800 2504 851 2540 ci—

94 2541 197 2579 tiert.
231 2545 236 2589 Ι
272 2548 349 2590 7sq.
376 2544 448 2582 Die
461 2548 724 2594 gewohnliche
739 2551 853 2587 Inter-

94 2590 282 2635 pnnktion
296 2593 346 2629 ist
356 2593 535 2632 Nonhon.
549 2599 755 2634 eonsilium.
785 2600 854 2636 ‘At

95 2638 213 2683 utile’,
239 2644 282 2675 ut
313 2643 361 2677 al.
393 2643 479 2687 fort.
514 2645 605 2689 dix„
635 2646 748 2694 ‘reym
777 2649 851 2685 -—'.

93 2684 162 2722 Bei
183 2687 337 2725 solchen
356 2690 572 2728 Einwr‘irfen
599 2694 670 2730 mit
695 2700 734 2731 at
757 2696 852 2733 wird

95 2736 307 2792 {warofter
326 2738 386 2774 ein
401 2739 512 2776 Verb.
529 2741 593 2777 des
615 2742 758 2798 Sagens
778 2745 850 2781 wie

92 2784 849 2881 {ffiussssffizeffffgffisstJffinssffssssnssffid

94 2878 338 2918 einzufi'ihren
364 2884 455 2920 oder
480 2885 560 2922 dies
585 2899 630 2923 zu
654 2888 847 2936 fingieren,

94 2926 184 2964 aber
209 2928 270 2966 nie
297 2930 358 2968 ein
383 2933 523 2971 dixerit
544 2937 730 2983 quispiam
757 2939 848 2975 oder

935 1682 995 1718 ein
1035 1683 1231 1721 {ihnlicher
1270 1686 1485 1731 Ausdruck,
1527 1688 1592 1724 der
1631 1689 1692 1725 die

933 1730 1087 1767 Fiktion
1103 1732 1157 1768 als
1176 1733 1303 1770 solche
1319 1735 1601 1773 kennzeichnen
1617 1739 1692 1774 und

933 1779 1101 1816 dadurch
1130 1785 1320 1818 zerstoren
1347 1785 1485 1821 wurde.
1524 1784 1691 1823 Deshalb

932 1827 1000 1863 hat
1035 1841 1126 1864 man
1161 1829 1221 1866 bei
1254 1831 1362 1877 jener
1398 1832 1691 1880 Interpunktion

932 1876 1056 1912 Recht
1081 1879 1226 1924 gethan
1255 1884 1293 1915 ut
1310 1901 1351 1906 —
1369 1882 1484 1918 dioecr.
1513 1895 1557 1918 zu
1584 1884 1691 1920 strei-

932 1925 1038 1961 chen.
1072 1930 1075 1968 ;
1115 1931 1168 1963 10.
1199 1929 1238 1963 in
1266 1928 1422 1966 S.41.6.
1471 1935 1475 1976 j
1526 1936 1580 1967 11.
1607 1944 1692 1969 vero

934 1973 968 2008 S.
987 1978 1042 2009 56.
1060 1979 1091 2010 9.
1130 1978 1131 1981 ’
1186 1980 1239 2012 13.
1262 1978 1337 2012 und
1355 1982 1397 2013 15
1439 1981 1571 2016 (audire
1608 1981 1689 2017 ‘an-

932 2021 1050 2058 horen
1061 2027 1225 2068 mussen,
1240 2037 1282 2060 zu
1294 2025 1411 2062 boren
1426 2027 1688 2074 bekommen';

931 2069 1049 2106 daher
1069 2070 1275 2109 besonders
1308 2074 1378 2111 mit
1395 2075 1611 2113 Adverbien
1635 2078 1688 2114 ‘in

932 2118 1054 2154 einem
1080 2120 1176 2156 Rufe
1204 2122 1366 2158 stehen'.
1411 2126 1415 2168 Τ
1459 2128 1513 2161 15.
1548 2127 1684 2163 audiat

931 2166 1101 2204 S.140.2.
1144 2172 1147 2213 Ι
1192 2174 1234 2206 16
1254 2182 1335 2217 sqq.
1381 2173 1458 2208 Aus
1502 2174 1688 2211 welchem

930 2213 1069 2252 Stfieke
1081 2217 1141 2253 die
1153 2217 1270 2254 Verse
1283 2220 1378 2265 sind,
1389 2221 1440 2258 ist
1453 2223 1687 2261 unbekannt.

931 2262 1083 2300 Sowohl
1099 2277 1172 2302 von
1187 2268 1321 2303 Accius
1341 2269 1397 2304 als
1412 2282 1484 2306 von
1500 2270 1687 2308 Pacuvius

929 2312 1004 2358 gab
1037 2324 1076 2349 es
1104 2315 1164 2350 ein
1193 2315 1408 2353 ‘Armorum
1437 2319 1648 2355 iudicinm'.
1679 2321 1683 2367 Ι

928 2362 1036 2397 cuius
1055 2362 1106 2398 ist
1126 2363 1312 2411 einsilbig.
1347 2368 1351 2411 Ι
1383 2369 1507 2412 princ.
1522 2369 1594 2404 ίαν.
1614 2370 1685 2404 ίαν.

929 2408 963 2445 S.
975 2413 1073 2447 994.
1110 2414 1114 2455 Ι
1150 2416 1207 2449 20.
1236 2414 1346 2450 istius
1360 2415 1481 2451 bildet
1496 2417 1687 2452 entweder

928 2457 1037 2494 einen
1055 2458 1239 2506 Dactylus
1261 2462 1352 2498 oder
1371 2464 1422 2499 ist
1441 2464 1659 2510 zweisilbig.
1679 2466 1684 2512 Ι

928 2505 1031 2542 Statt
1052 2513 1246 2554 perspexet
1278 2511 1403 2547 haben
1436 2511 1496 2548 die
1524 2513 1684 2549 Hdschr.

922 2557 1153 2601 percepisset,
1169 2569 1315 2594 woraus
1336 2570 1424 2595 man
1444 2561 1685 2606 gewohnlich

927 2604 1059 2640 macht
1071 2611 1266 2651 percepset.
1294 2607 1395 2643 Aber
1418 2609 1571 2644 erstlich
1600 2610 1683 2646 sind

929 2650 1057 2687 solche
1080 2653 1252 2699 Formen,
1279 2654 1318 2689 in
1343 2655 1464 2692 denen
1491 2657 1552 2693 die
1580 2657 1683 2694 Silbe

928 2700 960 2734 is
985 2700 1112 2736 hinter
1138 2702 1304 2738 anderen
1330 2704 1599 2741 Konsonanten
1625 2707 1682 2743 als

925 2758 943 2782 s
957 2748 1048 2784 oder
1057 2760 1084 2784 x
1095 2750 1353 2796 ausgestossen
1366 2753 1426 2797 ist,
1441 2753 1682 2801 bedenkh'ch,

925 2795 1682 2849 undzweitenspasstdieBedeutungvon

920 2845 1124 2890 percipere,
1166 2846 1262 2883 ‘sich
1301 2849 1421 2896 vollig
1462 2851 1680 2898 aneignen’,

923 2892 1103 2929 schlecht.
1130 2896 1134 2939 Ι
1158 2898 1214 2930 21.
1240 2896 1312 2939 fide
1337 2896 1387 2933 ist
1412 2897 1543 2935 Genet.
1581 2903 1585 2944 Ι
1621 2902 1680 2937 ius

923 2939 958 2976 S.
975 2944 1032 2976 40.
1050 2944 1107 2978 22.
1167 2943 1172 2990 Ι
1232 2947 1288 2981 22.
1348 2957 1428 2983 cero
1462 2946 1495 2983 S.
1513 2951 1568 2984 56.
1585 2952 1616 2984 9.
1671 2949 1677 2997 l

1668 345 1771 388 ,26
