1875 3214
167 82 199 160 ὁ1
207 117 265 161 90

816 109 880 146 DE
908 107 1113 146 OFFICIIS

179 228 232 270 ad
264 228 371 268 iram
406 225 595 278 deorum,
628 235 736 277 quae
768 220 890 262 nulla
923 223 1001 274 est,
1034 218 1108 261 sed
1141 217 1194 260 ad
1226 215 1438 258 iustitiam
1470 220 1512 257 et.
1545 213 1600 256 ad
1625 212 1755 256 fidem

179 288 380 343 pertinet.

443 283 558 326 Nam
590 282 808 338 praeclare
841 279 1010 321 Ennius
1026 295 1033 320 :

241 336 276 389 Ο
310 345 462 387 Fides
495 344 628 386 alma
661 343 783 396 apta
816 339 988 395 pinnis
1023 340 1071 380 et
1103 339 1182 380 ius
1215 334 1491 378 iurandum
1523 332 1683 376 Iovis!
1797 383 1799 385 ι

183 407 266 457 Qui
299 407 366 448 ius
400 405 534 461 igitur
559 401 786 445 iurandum
816 399 964 454 violat,
996 399 1032 440 is
1059 397 1209 440 Fidem
1235 396 1383 449 violat,
1416 408 1546 450 quam
1572 393 1618 435 in
1638 391 1762 447 Capi-

180 467 288 510 tolio
336 465 538 508 ‘vicinam
572 463 688 505 Iovis
723 460 878 516 optimi
917 457 1122 512 maximi’‚
1167 459 1216 499 ut
1260 457 1305 498 in
1345 453 1526 497 Catonis
1565 452 1762 496 oratione
1799 462 1818 489 5

111 531 259 582 105est‚
291 527 474 568 maiores
508 523 648 566 nostri
676 536 768 564 esse
801 520 1041 563 voluerunt.
1092 518 1153 559 At
1185 517 1299 559 enim
1330 530 1384 558 ne
1417 515 1554 557 iratus
1586 512 1761 569 quidem

183 587 378 643 Iuppiter
410 586 506 641 plus
534 582 701 639 Regulo
735 580 967 634 nocuisset,
1000 593 1131 634 quam
1159 577 1242 620 sibi
1269 575 1420 618 nocuit
1443 575 1537 630 ipse
1558 572 1764 629 Regulus.

183 647 328 701 Certe,
363 646 399 688 si
432 644 542 687 nihil
576 643 738 685 malum
773 643 887 683 esset
917 640 1000 681 nisi
1035 639 1191 680 dolere.
1253 636 1303 678 Id
1335 638 1482 678 autem
1513 647 1603 677 non
1636 631 1763 674 modo

186 708 310 761 [non]
346 719 562 748 summum
595 703 776 756 malum,
822 700 896 742 sed
943 714 994 741 ne
1041 699 1203 740 malum
1247 695 1418 752 quidem
1452 708 1546 736 esse
1578 692 1766 735 maxima

1069 757 1262 807 Quorum
1296 755 1467 811 quidem
1493 755 1651 796 test-em
1677 766 1767 794 non
1788 765 1823 791 10

190 827 470 878 mediocrem,
516 824 588 866 sed
620 821 736 865 haud
771 821 857 862 scio
892 834 947 862 an
981 817 1308 874 gravissimum,
1349 814 1585 870 Regulum,
1624 811 1772 867 nolite,

191 902 365 943 quaeso,
398 887 654 941 vituperare.
707 882 845 931 Quem
873 880 986 921 enim
1015 877 1343 932 locupletiorem
1370 874 1617 931 quaerimus
1645 886 1774 928 quam

192 947 432 1002 principem
466 943 616 1000 populi
652 940 850 995 Romani,
883 939 955 995 qui
981 937 1194 980 retinendi
1222 935 1354 978 officii
1381 948 1512 977 causa
1537 933 1774 976 cruciatum

186 767 444 810 auctoritate
477 762 725 820 philosophi
761 760 1005 803 adfirmant.

192 1007 372 1049 subierit
404 1002 726 1047 voluntarium?

311 1065 424 1108 Nam
465 1064 579 1120 quod
620 1063 758 1104 aiunt:
810 1060 1003 1102 ‘minima
1043 1058 1093 1100 de
1135 1055 1290 1111 malis’,
1334 1055 1378 1097 id
1411 1057 1477 1096 est
1508 1056 1557 1096 ut
1587 1052 1775 1108 turpiter

193 1128 341 1182 potius
376 1140 504 1181 quam
546 1123 817 1175 calamitose,
863 1135 918 1162 an
957 1122 1021 1161 est
1053 1118 1189 1160 ullum
1221 1116 1362 1158 maius
1394 1114 1556 1156 malum
1588 1112 1776 1168 turpitu-

195 1187 324 1229 dine?
358 1200 466 1241 quae
500 1185 535 1227 si
567 1184 611 1226 in
639 1181 914 1224 deformitate
942 1178 1133 1234 corporis
1159 1177 1293 1219 habet
1319 1173 1483 1230 aliquid
1511 1171 1778 1226 offensionis,

196 1250 359 1303 quanta
400 1246 473 1288 illa
514 1243 764 1299 depravatio
807 1245 847 1282 et
886 1239 1070 1282 foeditas
1114 1236 1348 1292 turpificati
1392 1234 1527 1277 animi
1560 1232 1687 1275 debet
1718 1231 1777 1273 vi-

125 1307 305 1351 mederi!
341 1307 493 1361 Itaque
526 1303 752 1346 nervosius
786 1301 859 1356 qui
885 1300 969 1342 ista
997 1299 1226 1350 disserunt,
1260 1296 1400 1338 solum
1426 1293 1588 1336 audent
1612 1291 1776 1334 malum

196 1367 336 1409 dicere
371 1366 433 1421 id,
475 1364 588 1420 quod
621 1367 746 1418 turpe
781 1361 853 1415 sit,
893 1360 965 1415 qui
1001 1361 1143 1400 autem
1177 1356 1417 1406 remissius,
1449 1354 1479 1395 ii
1510 1355 1659 1396 tamen
1690 1366 1779 1394 non

197 1427 399 1469 dubitant
436 1438 650 1467 summum
683 1422 846 1464 malum
880 1420 1030 1462 dicere.
1081 1417 1196 1460 Nam
1229 1415 1337 1458 illud
1371 1413 1562 1470 quidem:

255 1485 438 1542 Neque
471 1485 584 1527 dedi
618 1497 786 1538 neque
821 1481 880 1523 do
914 1478 1121 1521 infideli
1154 1475 1391 1532 cuiquam

198 1609 250 1640 12².
287 1608 290 1648 1
328 1608 359 1638 2.
398 1604 532 1648 praecl.
555 1602 656 1636 Eun.
675 1601 841 1636 S.161.3.
881 1600 885 1642 Ι
923 1602 953 1633 3.

195 1653 270 1688 Der
281 1653 375 1687 Vers
385 1651 479 1686 wird
496 1651 561 1686 der
573 1650 682 1694 Trag.
695 1648 878 1693 Thyestes
894 1658 954 1680 zu-

197 1700 442 1747 geschrieben
470 1699 540 1734 wie
555 1698 588 1733 S.
603 1700 746 1732 10220.
788 1695 856 1729 Die
869 1694 954 1739 Epi-

195 1750 304 1785 theta
317 1749 412 1784 alma
423 1760 457 1784 u.
471 1750 560 1792 apta
570 1746 713 1791 pinnis,
730 1742 955 1787 ‘beflfigelt',

197 1796 429 1832 bezeichnen
451 1795 510 1830 die
526 1792 779 1829 Gottlichkeit
795 1791 860 1825 der
875 1789 956 1824 hier

197 1843 519 1891 personificierten
535 1842 662 1883 Fides,
685 1839 798 1875 deren
821 1838 954 1884 Eigen-

199 1891 371 1928 schaften
395 1891 486 1926 aber
506 1889 579 1925 Cic.
607 1889 666 1924 fiir
693 1888 758 1922 das
779 1886 891 1921 XVort
914 1885 953 1920 in

199 1941 341 1977 seinem
368 1938 654 1985 gewohnlichen
680 1936 792 1971 Sinne
820 1934 858 1969 in
878 1935 953 1968 An-

202 1988 337 2034 spruch
351 1987 497 2023 nimmt.
526 1985 678 2026 Darauf,
693 1983 768 2019 und
785 1980 867 2017 dass
889 1981 954 2016 der

200 2036 270 2071 Eid
285 2036 397 2080 Iovis,
412 2033 735 2081 gewissermassen
748 2031 954 2077 Eigentum

201 2085 264 2120 des
294 2084 393 2129 Iup..
422 2084 454 2117 d.
478 2083 514 2118 h.
542 2084 650 2117 unter
676 2080 796 2115 seiner
821 2079 953 2113 beson-

203 2133 316 2168 deren
333 2131 461 2167 Obhut
480 2129 646 2172 stehend,
662 2128 830 2174 genannt
848 2125 953 2168 wird,

201 2180 355 2216 bezieht
381 2179 461 2214 sich
488 2177 593 2214 Cic.'s
612 2176 702 2212 Lob.
741 2177 746 2219 1
782 2179 814 2209 4.
842 2174 959 2219 iyitur

203 2228 237 2263 S.
252 2232 326 2262 5.4.
374 2229 379 2271 Ι
429 2228 466 2261 in
501 2225 656 2270 Capitol.
686 2224 808 2259 Schon
836 2222 960 2257 Numa

209 2275 281 2312 soll
297 2275 405 2310 einen
419 2273 572 2319 Tempe]
588 2273 653 2308 der
671 2271 785 2307 Fides
799 2272 959 2316 gegrfin-

206 2324 281 2367 det,
308 2322 351 2358 A.
373 2321 512 2358 Atilius
539 2318 732 2356 Calatinus
758 2319 809 2353 im
838 2318 960 2353 ersten

207 2384 295 2418 pun.
317 2370 454 2416 Kriege
475 2369 551 2404 und
570 2367 619 2402 M.
641 2365 827 2402 Aemilius
849 2365 959 2400 Scau-

203 2432 277 2462 rus,
294 2416 611 2454 wahrscheinlich
630 2415 696 2451 der
715 2413 750 2449 S.
766 2418 822 2449 81.
839 2416 883 2447 25
905 2423 960 2447 er-

205 2468 374 2505 wahnte,
404 2462 724 2511 moglicherweise
757 2461 852 2497 auch
880 2459 958 2495 sein

206 2515 324 2550 Vater
344 2513 400 2558 (S.
417 2518 472 2548 49.
493 2516 568 2556 19),
589 2510 791 2546 denselben
810 2519 884 2543 neu
904 2519 959 2543 er—

206 2564 298 2598 baut
319 2563 460 2604 haben3
480 2561 525 2596 N.
540 2561 583 2596 D.
598 2560 633 2594 ΙΙ
647 2563 703 2595 61.
739 2560 743 2602 '1
779 2562 810 2593 6.
837 2556 908 2591 Mit
922 2558 961 2590 at

209 2612 303 2646 enim
330 2610 505 2654 (S.85.7)
525 2608 619 2643 wird
645 2607 710 2642 der
736 2604 864 2640 zweite
880 2603 961 2638 Teil

209 2659 273 2694 des
293 2660 418 2693 ersten
430 2655 622 2692 Vorwurfs
640 2652 871 2689 wiederholt.
896 2654 900 2695 Ι
930 2655 962 2686 9.

209 2717 285 2742 non
304 2705 397 2740 wird
424 2702 736 2740 wahrscheinlich
763 2699 900 2746 richtig
924 2698 965 2734 in

212 2755 283 2790 den
310 2753 424 2789 Codd.
451 2765 496 2798 cp
515 2750 782 2797 weggelassen.
834 2748 958 2782 Wenn

209 2802 306 2837 auch
324 2801 422 2836 noch
436 2812 484 2836 an
498 2803 518 2835 8
533 2799 675 2835 Stellen
687 2798 761 2833 alle
783 2795 871 2832 oder
897 2795 958 2830 die

209 2851 341 2885 besten
354 2848 510 2884 Hdschr.
527 2847 586 2882 e'm
607 2845 753 2882 solches
767 2855 841 2880 non
854 2843 959 2878 modo

215 2908 286 2933 non
307 2896 514 2938 darbieten,
536 2906 576 2930 so
596 2894 647 2929 ist
666 2893 762 2929 doch
784 2892 843 2927 die
865 2890 958 2926 Zahl

212 2946 277 2981 der
301 2944 559 2990 regelrechten
586 2941 728 2977 Stellen
755 2951 795 2976 so
821 2939 957 2975 bedeu-

1029 1596 1119 1632 tend
1134 1593 1399 1640 fiberwiegend
1412 1592 1489 1627 und
1503 1591 1563 1627 die
1571 1591 1780 1636 Zusetzung

1031 1648 1083 1688 (u.
1103 1643 1351 1687 Auslassung3
1375 1641 1408 1676 S.
1428 1644 1505 1676 110.
1523 1642 1563 1684 1)
1584 1639 1685 1674 eines
1704 1648 1780 1674 non

1030 1704 1070 1728 so
1091 1690 1339 1737 gewohnlich‚
1354 1687 1435 1724 dass
1452 1688 1539 1734 jene
1558 1685 1781 1722 verhffltnis-

1029 1739 1165 1785 massig
1201 1739 1285 1774 sehr
1316 1736 1488 1781 wenigen
1521 1735 1665 1771 Stellen
1699 1744 1782 1769 ver-

1030 1787 1183 1833 d'aehtig
1209 1785 1370 1822 werden.
1406 1787 1410 1829 Ι
1445 1784 1609 1819 maxima
1640 1786 1781 1818 auctor.

1024 1836 1116 1881 phil.
1145 1834 1205 1870 die
1237 1832 1396 1869 Stoiker.
1421 1834 1426 1876 Ι
1450 1835 1504 1866 11.
1531 1830 1633 1866 haud
1657 1840 1704 1865 sc.
1732 1839 1783 1865 an

1030 1884 1065 1920 S.
1081 1887 1137 1919 48.
1154 1886 1185 1917 2.
1222 1884 1226 1925 Ι
1264 1886 1318 1916 14.
1345 1880 1498 1917 subierit
1525 1878 1559 1915 S.
1577 1881 1657 1913 140.
1673 1881 1705 1912 2.

1078 1983 1131 2014 15.
1147 1978 1247 2013 Nam
1254 1977 1350 2024 quod
1357 1977 1405 2012 αι’.
1416 1996 1470 2010 —.
1483 1971 1782 2010 DerzweiteEin-

1028 2027 1150 2070 wand,
1163 2027 1297 2062 dessen
1307 2023 1597 2069 Widerlegung:
1620 2021 1722 2057 Nam
1736 2041 1781 2046 —-

1029 2076 1174 2110 nullum
1192 2075 1314 2109 maius
1326 2073 1465 2108 malum
1483 2074 1535 2106 est
1550 2069 1784 2115 turpitudine

1029 2135 1117 2158 man
1126 2123 1181 2158 als
1191 2120 1321 2158 Grund
1333 2132 1418 2155 zum
1425 2117 1782 2164 Vorhergehenden:

1033 2170 1114 2218 dass
1134 2171 1200 2205 der
1221 2169 1394 2205 Schmerz
1416 2167 1522 2203 nicht
1540 2166 1608 2201 das
1627 2165 1784 2201 hochste

1033 2219 1130 2254 Ubel
1143 2218 1209 2263 sei,
1228 2217 1299 2252 mit
1313 2215 1473 2261 Seyffert
1491 2213 1655 2250 ansehen
1671 2212 1785 2248 kann.

1033 2267 1118 2302 Viel
1135 2265 1367 2301 natiirlicher
1387 2263 1477 2298 aber
1497 2261 1644 2297 seheint
1664 2272 1703 2296 es
1723 2259 1785 2295 die

1033 2316 1143 2350 Form
1182 2313 1248 2348 der
1286 2310 1483 2356 occupatio
1527 2308 1786 2345 anzunehmen

1035 2361 1089 2408 (S.
1108 2365 1185 2397 115.
1201 2362 1242 2405 6)
1268 2359 1338 2395 wie
1363 2359 1398 2395 Z.
1414 2362 1459 2393 21
1473 2370 1509 2393 u.
1526 2360 1605 2393 193.
1622 2360 1677 2392 15.
1700 2356 1706 2401 1
1727 2356 1787 2390 An

1035 2411 1130 2456 quod
1156 2410 1264 2444 aiunt
1292 2406 1428 2452 knfipft
1460 2406 1539 2441 sich
1571 2405 1637 2440 der
1660 2402 1786 2439 Nach-

1033 2460 1111 2493 satz
1144 2458 1183 2492 in
1214 2455 1281 2492 der
1320 2455 1353 2491 S.
1371 2458 1464 2491 aa?
1503 2452 1787 2499 besprochenen

1033 2505 1158 2540 Weise
1185 2516 1242 2540 an.
1274 2505 1278 2550 l
1306 2507 1349 2539 ut
1373 2506 1471 2548 turp.
1500 2522 1544 2527 —-
1572 2501 1607 2536 S.
1621 2503 1749 2536 25.21.

1037 2558 1091 2589 17.
1130 2554 1172 2588 in
1186 2551 1221 2587 S.
1237 2556 1293 2587 41.
1309 2555 1342 2587 6.
1389 2553 1394 2594 ι
1439 2550 1546 2586 habet
1559 2549 1594 2584 S.
1611 2551 1669 2584 26.
1686 2550 1741 2582 13.

1038 2606 1092 2637 19.
1119 2611 1257 2636 nervos.
1280 2621 1324 2625 —
1345 2599 1445 2643 diss„
1465 2597 1526 2632 die
1546 2595 1706 2639 swiker,
1726 2593 1789 2630 die

1036 2650 1194 2685 maxime
1213 2648 1304 2693 forti
1330 2650 1374 2691 et,
1392 2649 1434 2682 ut
1459 2646 1515 2680 ita
1533 2644 1666 2688 dicam,
1685 2641 1790 2678 virili

1038 2700 1197 2732 utwntwr
1248 2696 1393 2731 ratione
1447 2697 1555 2738 atque
1608 2690 1790 2727 sententia

1032 2745 1140 2780 Tuae.
1160 2743 1214 2780 ΠΙ
1234 2747 1297 2788 223
1333 2743 1368 2779 S.
1386 2744 1525 2777 147.12
1553 2738 1732 2785 splendwl.
1779 2736 1785 2783 Ι

1039 2797 1094 2828 20.
1135 2793 1199 2838 qui
1229 2803 1327 2835 rem„
1347 2790 1407 2826 die
1427 2786 1724 2834 Peripatetiker3
1751 2783 1788 2820 S.

1034 2844 1147 2876 1541.
1185 2841 1190 2884 Ι
1227 2842 1348 2875 autem
1375 2837 1498 2872 S.2.2.
1535 2837 1541 2880 Ι
1575 2838 1631 2870 21.
1658 2833 1735 2869 Der
1747 2836 1780 2868 2.

1034 2888 1117 2924 Teil
1142 2887 1206 2923 des
1240 2886 1396 2922 zweiten
1420 2881 1613 2920 Vorwuxfs
1637 2882 1678 2917 in
1703 2881 1786 2916 der-

1033 2935 1160 2972 selben
1191 2934 1319 2970 Weise
1350 2932 1421 2968 wie
1453 2932 1519 2967 der
1551 2931 1647 2967 erate
1680 2929 1718 2964 Z.
1740 2931 1786 2964 15

1795 1063 1828 1089 15

1798 1363 1834 1389 20
