1891 3213
35 1343 70 1370 20

468 103 614 138 LIBER
639 103 683 138 Π.
735 103 838 139 CAP.
867 107 921 147 13,
952 106 1005 137 14.
1057 105 1076 145 ξ
1103 106 1258 137 44-48.

1577 103 1662 144 115

93 215 164 271 qui
195 227 240 255 se
278 211 331 253 ad
370 212 510 253 claros
550 214 593 253 et
632 211 847 266 sapientes
879 211 996 252 viros
1035 211 1144 252 bene
1182 211 1455 252 consulentes
1493 211 1555 252 rei
1585 225 1662 265 pu-

91 273 225 316 blicae
265 271 558 325 contulerunt,
603 271 858 325 quibuscum
892 270 928 311 si
960 269 1206 324 frequentes
1247 272 1367 321 sunt,
1415 271 1663 325 opinionem

90 331 288 374 adferunt
319 331 479 384 populo
513 344 661 371 eorum
701 329 793 371 fore
833 343 877 370 se
917 329 1097 380 similes,
1143 343 1247 383 quos
1294 329 1377 370 sibi
1422 330 1506 384 ipsi
1551 329 1662 371 dele-

88 390 231 446 gerint
261 389 315 430 ad
347 389 619 431 imitandum.
680 388 726 430 P.
758 388 897 430 Rutili
942 388 1279 430 adulescentiam
1318 388 1372 429 ad
1414 389 1662 443 opinionem
1676 398 1721 431 47

54 462 70 488 5
91 452 132 491 et
161 448 433 490 innocentiae
467 451 509 489 et
541 448 648 489 iuris
682 447 887 489 scientiae
919 447 964 489 P.
997 447 1115 489 Muci
1147 447 1465 489 commendavit
1497 448 1662 491 domus.

89 507 201 551 Nam
233 507 280 549 L.
308 507 479 562 quidem
513 505 708 561 Crassus,
742 521 838 549 cum
870 509 985 548 esset
1017 506 1249 548 admodum
1281 507 1543 561 adulescens,
1575 522 1665 549 non

91 566 258 609 aliunde
289 569 513 608 mutuatus
547 569 632 621 est,
663 566 738 607 sed
771 566 855 608 sibi
886 566 980 620 ipse
1012 566 1182 621 peperit
1214 580 1460 608 maxumam
1492 567 1664 608 laudem

90 641 141 668 ex
171 625 249 667 illa
281 625 557 668 accusatione
588 625 727 667 nobili
760 627 802 667 εὴ
835 625 1041 680 gloriosa,
1075 628 1128 679 et,
1161 639 1246 680 qua
1279 627 1419 667 aetate
1448 626 1521 681 qui
1547 640 1662 667 exer-

89 687 255 740 centur,
296 685 423 727 laude
457 685 582 727 adfici
614 685 776 739 solent,
821 688 870 726 ut
902 684 952 725 de
985 684 1278 726 Demosthene
1312 685 1573 740 accepimus,
1613 700 1664 727 ea

36 757 69 783 10
89 746 232 786 aetate
261 743 306 786 L.
340 743 521 786 Crassus
555 744 743 786 ostendit
781 743 824 785 id
864 758 908 785 se
947 744 992 784 in
1029 743 1126 785 foro
1167 746 1342 798 optume
1382 744 1470 786 iam
1509 744 1662 796 facere,

88 803 202 859 quod
234 804 367 845 etiam
398 806 492 845 tum
524 806 696 859 poterat
727 803 842 845 domi
876 818 972 844 cum
1010 803 1137 845 laude
1175 803 1387 845 meditari.

1450 802 1533 845 Sed
1566 818 1662 846 cum

91 862 248 917 duplex
273 863 387 904 ratio
416 864 472 904 sit
499 863 723 916 orationis,
750 877 934 918 quarum
961 863 1006 903 in
1033 863 1170 904 altera
1197 877 1337 904 sermo
1365 863 1433 916 sit,
1461 863 1506 905 in
1527 864 1664 905 altera

88 922 322 976 contentio,
348 936 436 963 non
463 925 528 963 est
552 922 596 963 id
623 922 797 976 quidem
823 922 1011 974 dubium,
1038 922 1143 977 quin
1168 922 1388 964 contentio
1417 923 1662 975 [orationis]

90 980 299 1022 maiorem
329 981 420 1022 vim
451 981 612 1023 habeat
645 981 696 1022 ad
730 981 914 1036 gloriam
949 979 1018 1037 (ea
1050 984 1116 1023 est
1149 982 1274 1035 enim,
1308 996 1436 1036 quam
1463 982 1665 1037 eloquen-

39 1049 72 1076 15
90 1040 198 1082 tiam
230 1039 450 1096 dicimus)3
496 1040 569 1082 sed
602 1043 751 1081 tamen
785 1040 959 1081 difficile
993 1041 1108 1082 dictu
1141 1043 1228 1092 est,
1267 1043 1534 1096 quantopere
1567 1055 1666 1084 con-

91 1099 208 1141 ciliet
253 1099 418 1141 animos
458 1100 638 1141 comitas
682 1099 1016 1154 adfabilitasque
1061 1100 1284 1142 sermonis.

1348 1100 1538 1141 Exstant
1577 1101 1665 1155 epi-

91 1159 229 1200 stulae
263 1161 305 1200 εὴ
336 1158 530 1213 Philippi
563 1159 615 1200 ad
647 1158 941 1200 Alexandrum
975 1161 1017 1200 et
1042 1159 1267 1213 Antipatri
1294 1159 1347 1200 ad
1374 1158 1666 1202 Cassandrum

91 1220 135 1258 et
166 1217 380 1272 Antigoni
418 1218 472 1259 ad
498 1217 749 1272 Philippum
781 1218 930 1271 filium,
962 1218 1095 1259 trium
1120 1218 1558 1273 prudentissimorum
1585 1219 1665 1274 (sic

91 1276 206 1318 enim
233 1275 515 1332 accepimus),
549 1277 705 1331 quibus
731 1278 1015 1331 praecipiunt,
1042 1280 1090 1318 ut
1117 1278 1311 1319 oratione
1338 1278 1530 1333 benigna
1555 1278 1666 1320 mul-

89 1335 288 1377 titudinis
322 1336 489 1378 animos
522 1337 576 1378 ad
615 1336 954 1378 benivolentiam
994 1337 1187 1378 alliciant
1224 1337 1469 1392 militesque
1507 1337 1664 1379 blande

90 1395 349 1449 appellando
391 1397 629 1449 [sermone]
672 1395 894 1437 deliniant,

963 1395 1081 1445 Quae
1121 1398 1264 1438 autem
1303 1396 1348 1437 in
1390 1397 1663 1438 multitudine

87 1468 185 1495 cum
218 1455 497 1496 contentione
529 1454 715 1497 habetur
760 1456 916 1509 oratio,
961 1470 1012 1496 ea
1050 1469 1176 1511 saepe
1219 1455 1465 1498 universam
1505 1456 1666 1498 excitat

91 1513 333 1568 [gloriam];
383 1527 545 1568 magna
593 1517 660 1555 est
705 1514 817 1555 enim
867 1515 1097 1557 admiratio
1143 1515 1317 1569 copiose
1362 1516 1663 1571 sapienterque

88 1633 120 1664 1.
165 1630 528 1674 beneeonsul.rei.p.
557 1630 725 1666 S.1e.10.
762 1632 766 1675 Ι
802 1641 838 1666 se

86 1677 219 1712 contul.
248 1676 282 1712 S.
311 1681 368 1712 73.
393 1682 448 1712 12.
485 1681 488 1721 Ι
524 1682 556 1713 4.
583 1679 633 1713 acl
658 1679 756 1722 opin.
787 1679 836 1722 (z.

85 1723 196 1760 11186
211 1735 243 1760 a.
260 1725 331 1769 ex.)
359 1724 394 1759 S.
417 1729 496 1760 111.
520 1729 575 1768 11,
600 1746 644 1750 —
665 1726 838 1761 scientiae

87 1771 122 1806 S.
144 1775 200 1808 61.
230 1775 283 1806 13.
332 1774 337 1816 Ι
384 1776 415 1807 6.
442 1773 544 1808 Nam
567 1772 606 1807 in
627 1773 692 1808 der
712 1783 836 1818 sogen.

88 1818 288 1864 occupatio
297 1819 402 1855 fiihrt
411 1819 483 1855 den
491 1819 619 1855 Grund
627 1831 686 1864 an,
696 1831 838 1855 warum

86 1865 152 1901 das
184 1866 376 1911 Folgende
412 1867 535 1902 neben
565 1867 652 1903 dem
678 1868 836 1902 Vorher-

89 1913 284 1958 gehenden
310 1913 515 1959 cigentlich
539 1914 646 1950 nicht
672 1916 838 1960 genannt

88 1971 132 1994 zu
157 1961 307 1995 werden
331 1961 520 2006 verdient,
561 1962 614 1997 sei
647 1973 684 1997 es
712 1962 766 1997 als
793 1973 837 1996 zu

85 2006 331 2043 verschieden
358 2008 446 2043 oder
472 2008 527 2043 als
560 2021 603 2043 zu
629 2010 837 2044 unwesent-

85 2053 163 2089 lich
196 2055 285 2089 oder
320 2067 364 2089 zu
391 2055 604 2090 bedeutend
625 2055 682 2100 (S.
701 2060 756 2091 39.
775 2056 835 2100 7);

88 2104 210 2146 151.5‚
222 2105 300 2137 152.
315 2105 373 2147 27,
383 2102 437 2136 ΠΙ
446 2107 491 2138 84
504 2114 539 2148 p.
554 2115 615 2147 m.‚
638 2106 704 2137 105
720 2114 752 2138 a..
768 2113 836 2146 ex„

88 2152 173 2192 106,
203 2152 270 2184 110
285 2161 333 2183 m.
374 2150 378 2195 Ι
422 2153 476 2186 11.
516 2151 624 2185 etiam
651 2171 695 2176 —-
715 2151 835 2187 medic.

89 2196 143 2232 ‘es
164 2199 263 2232 w‘are
284 2197 634 2233 anerkennenswert
653 2208 835 2242 gewesen,

86 2254 194 2278 wenn
220 2255 259 2279 er
285 2255 323 2278 es
346 2255 417 2278 nur
442 2245 538 2280 noch
563 2245 682 2290 gefibt
699 2243 834 2288 hatte'3

87 2289 121 2327 S.
137 2295 192 2326 34.
212 2294 272 2335 153
292 2292 411 2327 medii.
429 2291 463 2326 S.
480 2295 535 2327 21.
553 2297 584 2327 2.
615 2297 620 2338 Ι
651 2297 705 2327 12.
734 2293 835 2337 dupl.

85 2339 182 2374 ratio
212 2339 261 2374 sit
288 2337 426 2374 S.8.13
447 2352 480 2373 u.
501 2343 580 2375 6.6.
628 2342 633 2384 Ι
680 2351 837 2385 quarum

86 2385 156 2420 mit
186 2384 405 2431 Beziehung
445 2386 513 2421 auf
546 2388 683 2431 duplex
720 2388 834 2429 rati03

88 2431 256 2469 S.73.17.
299 2433 304 2478 Ι
345 2434 388 2468 in
402 2434 639 2470 altera—sit
653 2434 688 2471 S.
701 2438 756 2469 33.
773 2438 803 2469 9.
828 2435 832 2480 Ι

86 2489 199 2515 sermo
218 2492 252 2515 u.
274 2484 366 2516 cont.
389 2480 423 2515 S.
441 2483 495 2516 78.
513 2485 568 2516 10.
599 2482 603 2526 Ι
631 2483 679 2517 sit
698 2482 747 2517 ist
764 2493 836 2516 von

86 2527 282 2563 mehreren
295 2527 475 2573 Herausg.
495 2529 630 2564 ebenso
645 2529 836 2574 unrichtig

87 2573 158 2610 wie
200 2574 235 2609 S.
263 2579 319 2610 77.
353 2579 373 2610 2
412 2575 451 2610 in
497 2579 547 2610 est
593 2576 784 2621 geandert.
829 2576 834 2621 Ι

90 2624 146 2656 13.
183 2625 276 2658 orat.
301 2622 352 2657 ist
375 2622 458 2657 hier
483 2623 617 2658 ebenso
644 2623 837 2658 storender

89 2667 220 2704 Zusatz
245 2669 316 2704 wie
342 2670 380 2704 Z.
396 2673 439 2704 21
455 2680 625 2715 sermone,
646 2671 681 2705 Z.
698 2674 742 2705 23
762 2671 836 2715 ylo-

88 2715 183 2751 riwm
221 2716 310 2752 oder
353 2717 534 2761 iustitiae,
575 2718 736 2752 welches
777 2717 836 2753 die

89 2760 244 2798 Hdschr.
273 2763 308 2798 S.
332 2767 409 2799 113.
431 2768 476 2800 20
504 2764 685 2800 zwischen
714 2777 836 2801 veram

91 2810 165 2845 und
189 2811 345 2855 ylorianz
370 2811 503 2846 haben.
552 2812 555 2858 Ι
604 2816 658 2847 14.
689 2813 835 2858 αιῐῃῐον.

93 2854 281 2893 S.111.11.
318 2859 323 2902 Ι
359 2862 413 2894 15.
452 2860 531 2902 diff.
559 2860 662 2894 (lietu
687 2863 737 2895 est
763 2860 834 2894 wie

92 2900 190 2940 Lael.
202 2909 264 2950 23,
282 2904 371 2951 imp.
386 2905 448 2941 Cn.
464 2907 592 2951 Pomp.
607 2911 662 2951 65,
691 2906 834 2943 Cluent.

913 1633 992 1675 198,
1008 1631 1115 1665 Tusc.
1131 1631 1166 1665 II
1182 1635 1225 1665 19
1235 1642 1302 1674 ex.,
1317 1633 1433 1666 etwas
1447 1632 1664 1668 schwacher

912 1678 967 1713 als
993 1679 1208 1714 incredibile
1233 1679 1336 1714 dictu
1361 1682 1427 1722 est,
1458 1679 1512 1714 (66
1538 1679 1664 1725 klingt

896 1725 1026 1760 ’kaum
1046 1725 1268 1771 glaublich’,
1289 1726 1408 1762 wofflr
1429 1726 1496 1761 wir
1515 1727 1663 1762 einfach

912 1773 978 1808 das
998 1772 1163 1808 Adverb.
1177 1785 1221 1808 zu
1242 1774 1367 1808 setzen
1382 1773 1542 1819 pflegen.
1572 1774 1662 1809 Hin-

911 1831 1032 1866 gegen
1043 1832 1153 1866 yrave
1166 1821 1267 1856 dictu
1278 1824 1329 1856 est
1342 1821 1396 1856 (66
1408 1821 1533 1866 klingt
1547 1822 1662 1857 hart':

910 1868 1006 1902 Phil.
1028 1868 1079 1902 IX
1094 1872 1132 1912 8,
1159 1868 1286 1903 Plane.
1310 1872 1364 1904 16.
1415 1869 1516 1904 Aber
1548 1871 1662 1904 unten

912 1915 947 1950 S.
960 1919 1037 1951 127.
1050 1919 1070 1950 2
1086 1916 1252 1960 proclive
1265 1916 1368 1951 dictu.
1381 1919 1431 1952 est
1449 1917 1517 1952 wie
1532 1917 1661 1952 ander-

910 1964 1022 1997 w'arts
1053 1963 1163 2006 facile
1199 1963 1253 1998 (66
1280 1963 1331 1997 ist
1356 1963 1473 1999 leicht
1498 1964 1660 2009 gesagt’‚

910 2021 1045 2045 wovon
1071 2010 1137 2045 das
1158 2010 1358 2054 Gegenteil
1382 2011 1564 2046 ebenfalls
1590 2012 1661 2053 dif-

909 2057 1004 2100 ficile
1029 2057 1130 2092 dictu
1150 2061 1200 2092 est
1219 2057 1341 2092 heisst.
1376 2058 1380 2103 Ι
1418 2062 1471 2093 16.
1499 2059 1600 2103 epist.
1618 2079 1660 2083 —

910 2105 960 2139 ad
987 2104 1084 2139 Phil.
1112 2105 1161 2147 fil.
1189 2104 1222 2139 S.
1246 2108 1301 2139 30.
1326 2108 1380 2139 12.
1438 2104 1507 2140 Die
1539 2105 1661 2141 Briefe

915 2151 998 2186 sind
1013 2151 1150 2186 ebenso
1167 2152 1307 2186 unecht
1321 2152 1391 2187 wie
1410 2151 1470 2188 die
1487 2153 1548 2188 des
1563 2152 1659 2188 Pha-

909 2198 1009 2233 laris.
1023 2198 1272 2234 sNamensv.
1314 2200 1319 2244 Ι
1362 2203 1417 2234 22.
1465 2211 1545 2235 cum
1566 2204 1658 2236 cont.

912 2246 1081 2281 S.34.15.
1113 2248 1117 2290 Ι
1148 2250 1203 2281 23.
1248 2247 1337 2292 qlor.
1368 2246 1418 2282 ist
1443 2248 1662 2283 verkehrter

910 2293 1054 2328 Zusatz.
1091 2293 1229 2328 Weder
1247 2295 1357 2328 unter
1376 2296 1551 2330 universa
1569 2296 1658 2341 ylor.

910 2341 1006 2376 noch
1020 2343 1130 2376 unter
1141 2342 1297 2386 gloriam
1311 2342 1470 2378 excitare
1480 2342 1568 2378 lasst
1580 2343 1659 2377 sich

910 2389 1026 2423 etwas
1058 2388 1316 2434 vernflnftiges
1354 2390 1511 2424 denken.
1571 2390 1661 2425 ‘Der

909 2435 1033 2470 Ruhm
1047 2435 1141 2469 wird
1157 2435 1447 2480 ausgestachelt'
1461 2437 1511 2472 ist
1524 2437 1659 2481 nichts,

911 2482 986 2517 und.
1021 2483 1208 2518 ubersetzt
1249 2494 1337 2518 man
1378 2484 1658 2528 ‘Ruhmsucht',

908 2541 981 2564 von
1018 2540 1161 2565 wessen
1198 2530 1434 2566 Ruhmsucht
1473 2531 1523 2566 ist
1559 2531 1660 2566 dann

909 2577 969 2612 die
983 2576 1108 2612 Rede‘?
1129 2577 1322 2612 Vielmehr
1337 2578 1428 2612 wird
1450 2578 1509 2613 die
1525 2578 1659 2622 Menge

910 2624 974 2659 der
994 2624 1114 2659 Horer
1134 2624 1426 2669 aufgestachelt‚
1453 2625 1660 2670 begeistert

910 2671 1264 2716 (enthusiasmiert),
1284 2672 1470 2707 nattirlich
1485 2673 1592 2707 nicht
1610 2673 1660 2708 ad

909 2719 1082 2763 gloriam,
1116 2719 1185 2753 wie
1217 2730 1305 2754 man
1331 2720 1556 2755 verstanden
1582 2720 1659 2754 und

910 2776 1019 2809 sogar
1056 2766 1300 2810 geschrieben
1342 2766 1424 2810 hat,
1471 2767 1566 2802 noch
1610 2767 1659 2802 acl

908 2814 1076 2847 virtutem
1109 2813 1198 2847 oder
1230 2824 1286 2848 res
1310 2815 1487 2858 yeremias
1512 2814 1658 2858 (davon

909 2859 959 2893 ist
992 2860 1097 2894 nicht
1133 2859 1192 2894 die
1228 2859 1366 2904 Rede),
1403 2861 1561 2896 sondern
1596 2873 1659 2895 zur

908 2906 1191 2951 Bewunderung
1219 2907 1282 2942 des
1303 2908 1488 2954 Redners,
1516 2920 1555 2944 so
1577 2908 1657 2943 dass

1324 2966 1372 3001 8*

1680 780 1735 821 14

1677 841 1722 872 48
