1923 3213
499 98 648 136 LIBER
675 98 700 132 Ι.
754 95 858 131 CAP.
890 98 945 137 11,
975 97 1029 128 12.
1076 96 1094 135 g
1122 93 1275 127 34—37.
1632 82 1688 124 27

94 217 147 259 In
189 229 274 271 quo
317 215 548 267 tantopere
592 207 707 263 apud
748 207 922 248 nostros
966 202 1138 245 iustitia
1179 200 1297 243 culta
1336 200 1422 251 est,
1461 198 1509 238 ut
1540 195 1584 250 ii,
1618 192 1692 249 qui

93 276 296 320 civitates
349 275 425 316 aut
474 270 673 313 nationes
726 266 919 308 devictas
970 263 1088 305 bello
1134 261 1180 302 in
1230 259 1360 301 fidem
1411 255 1694 310 recepissent,

95 350 247 380 earum
271 332 450 390 patroni
476 331 625 373 essent
651 341 770 370 more
798 326 1026 367 maiorum.
1072 322 1137 363 Ac
1163 320 1267 363 belli
1295 317 1470 374 quidem
1492 315 1690 371 aequitas
1706 325 1751 357 36

95 395 372 440 sanctissime
402 391 547 434 fetiali
580 387 733 445 populi
760 385 948 428 Romani
980 384 1072 425 iure
1105 379 1350 437 perscripta
1384 379 1462 420 est.
1513 375 1580 417 Ex
1607 388 1692 430 quo

57 471 76 498 5
96 455 297 510 intellegi
323 454 470 510 potest
494 450 665 493 nullum
690 447 855 489 bellum
882 458 978 487 esse
1005 444 1181 495 iustum,
1206 440 1293 482 nisi
1321 437 1436 494 quod
1462 439 1538 479 aut
1563 435 1692 477 rebus

93 515 292 573 repetitis
312 515 491 570 geratur
511 513 587 553 aut
607 507 915 551 denuntiatum
937 506 1038 546 ante
1060 503 1119 545 sit
1140 504 1183 544 et
1209 499 1435 541 indictum.
1475 495 1692 551 [Popilius

93 577 335 632 imperator
366 572 548 615 tenebat
578 566 866 625 provinciam,
899 565 944 606 in
977 563 1100 606 cuius
1135 559 1326 603 exercitu
1360 557 1541 600 Catonis
1575 555 1692 597 filius

93 637 179 679 tiro
218 633 450 677 militabat.
514 628 626 672 Cum
665 630 812 670 autem
845 624 1019 680 Popilio
1053 622 1277 664 videretur
1310 632 1441 660 unam
1475 616 1695 658 dimittere

93 696 332 753 legionem,
372 691 554 736 Catonis
594 701 766 744 quoque
806 686 966 739 filium,
1006 683 1081 738 qui
1113 682 1160 723 in
1193 679 1345 722 eadem
1378 678 1552 733 legione
1586 675 1699 716 mili-

38 771 73 798 ιο
93 757 234 810 tabat,
265 753 443 796 dimisit.
496 750 579 793 Sed
613 763 710 791 eum
739 759 887 789 amore
914 742 1142 800 pugnandi
1169 741 1213 783 in
1241 738 1436 781 exercitu
1464 735 1698 778 remansis-

95 819 174 872 set,
208 814 318 858 Cato
352 813 406 856 ad
439 810 660 866 Popilium
693 807 888 862 scripsit,
927 807 993 859 ut,
1027 803 1063 845 si
1096 816 1195 845 eum
1228 800 1396 856 patitur
1429 798 1474 839 in
1506 795 1699 838 exercitu

96 889 338 929 remanere,
364 871 553 916 secundo
582 884 680 912 eum
708 867 878 923 obliget
904 865 1088 907 militiae
1116 862 1405 912 sacramento,
1431 856 1533 913 quia
1554 855 1700 911 priore

97 937 262 980 amisso
296 935 389 977 iure
422 947 521 975 cum
552 929 756 973 hostibus
789 940 985 983 pugnare
1018 938 1108 966 non
1141 923 1327 977 poterat.
1379 918 1501 960 Adeo
1530 930 1701 958 summa

97 1000 194 1041 erat
226 993 478 1039 observatio
518 993 565 1034 in
604 989 720 1032 bello
756 985 1001 1039 movendo]
1065 982 1124 1025 M.
1156 981 1330 1037 quidem
1365 977 1547 1021 Catonis
1582 976 1698 1018 senis
1715 987 1758 1018 37

46 1075 81 1102 15
100 1060 168 1101 est
200 1055 390 1112 epistula
422 1053 476 1095 ad
508 1051 566 1094 M.
591 1050 742 1103 filium,
769 1048 814 1089 in
842 1062 928 1103 qua
955 1044 1109 1088 scribit
1136 1057 1181 1085 se
1202 1041 1375 1083 audisse
1397 1053 1495 1080 eum
1516 1036 1700 1078 missum

101 1118 268 1160 factum
302 1129 396 1158 esse
431 1129 457 1156 a
489 1111 679 1163 consule,
713 1123 810 1151 cum
844 1108 888 1149 in
923 1103 1184 1148 Macedonia
1219 1101 1330 1144 bello
1364 1099 1540 1141 Persico
1576 1096 1700 1138 miles

98 1180 228 1221 esset.
290 1175 441 1218 Monet
467 1173 615 1229 igitur,
648 1173 697 1212 ut
723 1170 889 1222 caveat,
921 1180 975 1208 ne
1001 1164 1219 1221 proelium
1246 1162 1384 1214 ineat3
1417 1160 1553 1214 negat
1585 1156 1701 1198 enim

98 1239 165 1281 ius
213 1250 326 1290 esse,
369 1234 443 1291 qui
488 1232 614 1274 miles
656 1244 744 1272 non
785 1229 862 1282 sit,
902 1241 1000 1269 cum
1042 1225 1169 1267 hoste
1211 1234 1422 1278 pugnare.
1484 1217 1701 1273 Equidem
1722 1217 1774 1259 12

99 1298 236 1342 etiam
268 1294 378 1339 illud
410 1291 726 1345 animadverto,
759 1287 893 1345 quod,
929 1286 1003 1343 qui
1034 1284 1213 1341 proprio
1247 1281 1426 1324 nomine
1459 1277 1700 1334 perduel-

92 1475 219 1502 eorum
255 1462 441 1499 civitatem
472 1461 793 1499 conservaturum,
825 1456 858 1490 si

92 1513 213 1559 prius,
239 1521 351 1557 quam
375 1519 523 1545 murum
544 1508 642 1543 aries
663 1505 857 1550 attiyisset,

94 1572 131 1597 se
155 1560 390 1596 dedidissent.
415 1559 420 1600 Ι
444 1561 476 1592 3.
495 1555 673 1602 patroni,
701 1553 772 1588 wie
799 1552 858 1587 die

95 1607 297 1645 Marceller
330 1604 523 1647 Siciliens,
561 1602 622 1638 die
657 1601 860 1648 Scipionem

98 1656 165 1692 der
202 1655 363 1691 Provinz
401 1652 553 1696 Afrika,
593 1650 652 1686 die
691 1648 855 1684 Amilier

96 1703 374 1740 Macedoniens.
417 1702 420 1747 ᾖ
475 1699 643 1746 aequitas
668 1699 860 1744 gewisser-

98 1751 246 1789 massen
271 1750 437 1787 konkret
469 1746 520 1793 (S.
555 1751 587 1784 9.
622 1748 658 1792 8)
700 1745 762 1781 die
795 1743 863 1780 auf

98 1801 278 1847 aequitas,
293 1796 510 1834 Gleichheit
524 1806 592 1831 vor
605 1794 691 1830 dem
702 1793 860 1829 Gesetze

78 1849 150 1896 ·(II
175 1852 220 1884 41
241 1859 311 1892 ex„
339 1850 384 1883 78
405 1847 487 1891 m.),
519 1842 766 1879 beruhenden
792 1840 861 1876 Be-

99 1897 369 1941 stimmungen,
389 1893 456 1929 das
471 1891 605 1928 Recht.
642 1892 647 1936 Ι
683 1889 864 1926 6—14ist

101 1945 226 1981 sicher
251 1944 384 1979 Zusatz
410 1941 514 1977 eines
540 1940 768 1976 Glossators.
814 1936 863 1971 Es

100 1993 152 2029 ist
175 1990 459 2037 handgreiflich
496 1988 579 2024 eine
607 1986 746 2023 andere
774 1985 864 2020 Ver-

102 2041 187 2077 sion
226 2040 292 2075 der
328 2038 383 2074 im
416 2036 639 2083 Folgenden
671 2033 866 2070 erz'ahlten

103 2087 344 2124 Geschichte.
394 2084 486 2120 Dass
512 2084 604 2119 aber
629 2082 691 2118 die
711 2083 866 2116 ksirzere

103 2135 324 2181 Erz'ahlung
356 2133 417 2169 die
456 2132 568 2168 echte
604 2131 670 2174 ist,
708 2128 869 2165 beweist

104 2185 166 2220 die
196 2181 469 2230 ungeschickte
502 2180 673 2224 Fassung
705 2177 771 2213 der
806 2188 871 2212 an·

105 2232 239 2268 deren:
285 2230 461 2276 Popilius
493 2227 572 2264 und
598 2226 742 2263 tenebat
760 2235 868 2270 prov.

106 2281 205 2317 ohne
237 2279 378 2315 n'ahere
404 2277 685 2321 Bestimmung,
718 2286 764 2309 zu
789 2284 871 2308 cum

105 2328 339 2365 remansisset
375 2324 512 2361 mfisste
548 2324 670 2369 Popil,
708 2321 870 2367 Subjekt

108 2376 201 2421 sein,
226 2375 418 2420 scripsit,
443 2371 753 2420 &ffipatitun
779 2369 870 2405 obli-

107 2424 255 2471 qg-twist
278 2421 521 2467 barbarische
548 2419 706 2465 Syntax,
741 2418 871 2464 priore

109 2472 246 2508 amisso
270 2470 322 2506 ist
339 2470 456 2505 kaum
475 2481 520 2503 zu
539 2467 753 2510 verstehen,
781 2466 871 2501 adeo

109 2520 164 2556 im
202 2518 467 2564 Epiphonema
504 2516 555 2552 ist
591 2516 699 2551 nicht
734 2513 872 2549 cicero-

109 2566 400 2612 nisch‚=bellum
424 2575 563 2600 movere
588 2561 751 2599 sohiefer
776 2560 872 2596 Aus-

109 2615 242 2652 druek.
292 2614 370 2649 Das
406 2610 667 2648 Einschiebsel
696 2614 716 2653 ξ
743 2613 790 2645 40
823 2608 874 2644 ist

110 2664 240 2700 besser
278 2660 462 2697 stilisiert.
520 2660 598 2695 Vor
642 2657 743 2693 allen
782 2656 872 2692 Din-

112 2722 188 2758 gen
219 2710 309 2746 aber
339 2708 481 2753 knfipft
514 2707 572 2742 M.
599 2707 777 2752 quidem
805 2704 873 2740 C'a-

112 2760 212 2796 tonis
249 2756 392 2803 richtig
430 2755 496 2791 das
522 2754 687 2800 Beispiel
718 2765 766 2789 an
801 2753 875 2788 den

112 2807 255 2852 obigen
293 2803 549 2851 allgemeinen
585 2803 671 2838 Satz
709 2813 773 2836 zur
808 2801 876 2836 Be-

111 2854 315 2900 st'atigung
339 2864 400 2897 an,
426 2851 553 2887 hinter
578 2850 644 2885 der
663 2851 790 2885 ersten
808 2849 876 2883 Er-

113 2902 282 2948 zahlung
295 2902 347 2936 ist
366 2900 511 2946 quidem
532 2898 691 2940 sinnlos3
719 2897 754 2932 S.
771 2901 827 2933 29.
844 2900 877 2940 2,

112 2950 148 2984 Π
164 2954 210 2986 64
224 2961 280 2986 ex.
304 2960 393 2985 usw.
417 2950 423 2994 ί
448 2951 502 2984 16.
529 2948 571 2982 in
599 2946 747 2982 Maced.
788 2944 878 2981 bello

936 1453 1038 1488 Pers.
1068 1450 1218 1486 scheint
1251 1448 1312 1484 ein
1344 1448 1482 1482 Irrtum
1517 1443 1625 1479 Cic.'s
1659 1454 1703 1477 zu

934 1498 1026 1545 sein,
1053 1498 1249 1535 vielleicht
1270 1492 1568 1539 hervorgerufen
1584 1490 1703 1526 durch

934 1550 993 1584 die
1039 1548 1279 1590 Erinnerung
1323 1544 1459 1586 daran,
1505 1539 1587 1576 dass
1635 1539 1703 1574 der

929 1598 1093 1643 jungere
1121 1595 1215 1631 Cato
1243 1593 1323 1628 sich
1357 1592 1397 1627 in
1424 1590 1491 1626 der
1519 1587 1702 1624 Schlacht

934 1646 997 1681 bei
1023 1644 1155 1689 Pydna
1181 1639 1474 1688 ausgezeichnet
1499 1637 1607 1672 hatte
1625 1635 1699 1679 (Iu-

935 1693 1023 1729 stin.
1052 1691 1211 1727 XXXIII
1238 1695 1257 1725 2
1286 1702 1318 1724 u.
1347 1689 1408 1732 a.).
1462 1686 1518 1721 Ob
1546 1685 1612 1720 der
1633 1683 1702 1718 Be-

934 1742 1035 1777 rioht
1074 1740 1140 1775 des
1179 1737 1454 1783 Interpolators
1502 1733 1595 1768 fiber
1635 1731 1702 1767 des

930 1791 1075 1836 jungen
1103 1787 1197 1823 Cato
1219 1783 1483 1831 Kriegsdienst
1509 1783 1620 1816 unter
1642 1780 1703 1816 M.

936 1838 1107 1884 Popilius
1115 1836 1275 1879 Laenas,
1287 1833 1353 1869 der
1364 1836 1444 1876 173,
1457 1830 1547 1866 oder
1562 1828 1705 1864 seinem

938 1886 1081 1921 Bruder
1109 1885 1166 1927 C.‚
1205 1883 1270 1918 der
1295 1882 1348 1917 im
1374 1879 1466 1925 folg.
1494 1877 1526 1914 J.
1555 1877 1615 1912 die
1641 1876 1705 1911 Li-

940 1945 1054 1980 gurer
1079 1932 1288 1976 bekriegte,
1316 1927 1457 1973 richtig
1476 1926 1540 1970 ist,
1567 1925 1705 1960 wissen

940 1983 1008 2018 wir
1039 1981 1156 2017 nicht.
1181 1982 1185 2022 Ι
1212 1983 1266 2015 19.
1300 1977 1397 2024 quod
1429 1975 1538 2010 nicht
1572 1972 1705 2016 ‘weil’,

941 2030 1104 2066 sondern
1126 2027 1297 2063 ‘indem'.
1349 2024 1436 2059 Wie
1450 2020 1707 2058 koordinierte

943 2079 1052 2113 Satze
1079 2077 1150 2111 mit
1176 2087 1263 2111 nam
1289 2073 1366 2108 und
1392 2072 1490 2107 enim
1534 2069 1586 2115 (S.
1610 2073 1642 2104 6.
1671 2070 1705 2113 7)

940 2126 1088 2171 haufig,
1116 2136 1156 2160 so
1184 2123 1307 2169 geben
1334 2118 1610 2156 subordinierte
1637 2117 1709 2152 mit

943 2174 1040 2220 quod
1067 2172 1249 2208 zuweilen
1269 2169 1367 2206 auch
1388 2168 1486 2204 ohne
1500 2166 1627 2211 Bezng
1644 2164 1712 2200 auf

945 2222 1006 2258 ein
1032 2222 1108 2264 hoe,
1142 2221 1194 2264 id,
1227 2219 1335 2262 illud,
1368 2218 1411 2252 in
1436 2226 1486 2259 e0,
1521 2225 1572 2259 eo,
1599 2225 1643 2249 ea:
1669 2223 1708 2248 eo

945 2273 980 2314 (ἓ
1003 2274 1046 2305 61
1064 2271 1134 2313 ex.)
1161 2268 1269 2304 nieht
1288 2266 1363 2301 den
1383 2263 1525 2307 Grund,
1546 2262 1709 2298 sondern

945 2318 1030 2354 eine
1066 2317 1323 2360 Erlauterung
1358 2324 1442 2348 zum
1480 2309 1709 2355 fibergeord-

944 2367 1059 2403 neten
1092 2365 1202 2401 Satze
1242 2375 1306 2399 an:
1371 2360 1482 2396 Arch.
1511 2363 1531 2394 6
1560 2358 1708 2402 adficie-

946 2416 1058 2450 batur
1073 2423 1213 2449 summo
1226 2412 1373 2453 honore,
1400 2408 1498 2454 quod
1517 2418 1598 2442 eum
1619 2406 1707 2441 eole-

946 2464 1047 2506 bant,
1066 2465 1112 2497 25
1135 2472 1216 2498 eum
1236 2460 1269 2495 ei
1289 2458 1450 2494 libellum
1469 2456 1590 2491 malus
1599 2457 1711 2499 poeta

946 2510 1170 2552 subiecisset,
1195 2507 1293 2554 quod
1319 2506 1547 2552 epiqramma
1567 2503 1609 2537 in
1629 2512 1711 2536 eum

945 2559 1100 2603 fecisset,
1126 2558 1205 2592 Att.
1232 2556 1249 2590 I
1278 2558 1335 2590 17.
1366 2558 1385 2588 5
1406 2562 1520 2597 neque
1539 2551 1637 2586 inter
1657 2560 1711 2584 me

946 2610 1055 2652 atque
1089 2609 1122 2641 te
1158 2605 1356 2650 quicquam
1393 2601 1564 2635 interesse
1599 2598 1711 2633 duxi-

940 2658 1092 2701 praeter
1117 2654 1342 2688 voluntatem
1374 2648 1570 2683 institutae
1595 2647 1707 2689 vitae,

947 2703 1045 2748 quod
1070 2712 1124 2736 me
1150 2699 1301 2735 ambitio
1328 2717 1372 2723 —
1400 2696 1528 2738 duxit,
1555 2693 1712 2729 Tusc.V

950 2754 994 2786 43
1017 2761 1098 2786 cum
1118 2748 1256 2793 dupleae
1275 2746 1374 2781 ratio
1387 2745 1450 2788 sit,
1475 2743 1573 2789 quod
1593 2742 1712 2788 aeglri-

949 2798 1039 2834 tudo
1066 2801 1098 2832 et
1123 2799 1239 2831 metus
1264 2795 1306 2829 in
1331 2793 1442 2828 malis
1467 2791 1644 2837 opinatis,
1670 2790 1712 2825 in

952 2847 1131 2882 bonorum
1165 2847 1287 2878 autem
1318 2851 1439 2877 errore
1465 2839 1612 2875 laetitia
1636 2848 1712 2884 yes-

951 2895 1046 2929 tiens
1090 2888 1275 2936 libidoque
1318 2891 1500 2932 versetur,
1550 2887 1650 2932 legg.
1678 2885 1713 2920 ΙΙ

952 2945 1013 2985 44,
1044 2940 1117 2976 Pis.
1146 2943 1191 2975 89
1213 2950 1282 2982 ex.,
1317 2937 1424 2973 Varr.
1451 2948 1478 2971 r.
1508 2948 1535 2970 r.
1563 2934 1579 2968 I
1607 2938 1638 2969 7.
1669 2936 1713 2968 10
