1923 3213
583 72 729 108 LIBER
753 72 780 108 Ι.
833 70 937 118 CAR
966 73 997 106 3.
1050 72 1069 112 ς
1097 71 1200 103 7—9.
1665 61 1689 103 7

98 190 344 234 Perfectum
384 186 576 230 officium
614 185 801 236 rectum,
836 180 1008 235 opinor,
1041 192 1262 231 vocemus,
1295 175 1503 233 quoniam
1536 171 1691 215 Graeci

96 247 394 306 κατόρθωμα,
439 246 522 289 hoc
568 246 714 286 autem
757 254 985 284 commune
1031 239 1224 281 officium
1268 236 1477 291 καθῆκον
1522 234 1691 276 vocant.

98 313 244 366 Atque
284 324 334 352 ea
373 308 434 350 sie
469 306 697 358 definiunt,
736 306 802 356 ut,
840 303 1009 343 rectum
1043 299 1155 355 quod
1191 299 1265 352 sit,
1298 297 1340 339 id
1374 295 1566 338 officium
1599 307 1693 348 per·

102 372 264 414 fectum
297 384 392 412 esse
425 367 652 419 definiant3
691 363 883 404 medium
921 363 1067 402 autem
1106 359 1297 402 officium
1335 357 1379 398 id
1412 369 1506 398 esse
1533 354 1695 409 dicunt,

64 432 218 488 squod
259 445 334 473 cur
375 429 539 470 factum
582 426 657 479 sit,
699 423 814 466 ratio
853 420 1094 477 probabilis
1133 419 1255 461 reddi
1294 417 1446 472 possit.
1514 414 1692 470 Triplex
1715 427 1734 458 9

103 492 238 547 igitur
279 492 363 544 est,
405 491 454 530 ut,
492 485 701 529 Panaetio
744 483 932 533 videtur,
972 480 1145 523 consilii
1187 477 1388 534 capiendi
1423 475 1694 519 deliberatio.

105 551 221 595 Nam
253 552 329 594 aut
359 549 647 591 honestumne
679 544 798 586 factu
831 543 888 585 sit
921 557 975 583 an
1007 544 1134 595 turpe
1169 539 1372 582 dubitant
1403 536 1464 590 id,
1500 535 1615 590 quod
1647 535 1694 577 in

104 611 462 655 deliberationem
492 607 625 662 cadit3
658 606 703 647 in
731 619 815 660 quo
849 601 1164 645 considerando
1199 613 1328 654 saepe
1362 596 1497 639 animi
1523 597 1568 637 in
1594 610 1696 638 con-

104 673 264 715 trarias
299 668 536 713 sententias
569 665 884 709 distrahuntur.
936 662 1048 704 Tum
1081 663 1227 703 autem
1255 663 1329 701 aut
1358 656 1595 712 anquirunt
1622 657 1697 697 aut

106 815 330 851 motionibus
356 823 529 859 magnum
565 822 705 846 annum
731 808 863 844 ‘mathe-

112 864 240 900 matici
258 862 555 902 nominaverunt,
576 859 650 904 leg.
671 869 748 903 agr.
771 856 865 892 1193

940 809 1008 848 est,
1035 815 1116 840 cum
1153 803 1214 838 illi
1244 801 1435 848 quaerenti
1469 799 1700 844 respondisse

942 855 1092 896 dicitur,
1120 852 1166 887 de
1188 863 1239 887 or.
1260 850 1371 885 11139
1389 861 1444 885 ex.
1470 848 1620 884 usitatis
1646 847 1701 881 ita

109 924 192 948 cum
230 911 356 947 ceteris
399 910 442 944 in
480 908 633 944 coloniis
678 905 868 942 duumviri
938 903 1076 948 poterit
1116 901 1188 943 uti,
1233 899 1436 934 lectissimis
1474 900 1515 931 ut
1558 899 1700 938 utatur,

111 960 355 1006 appellentur,
374 959 413 993 hi
432 968 468 993 se
474 960 665 1002 praetores
686 953 870 999 appellari

110 1009 296 1053 volebant,
322 1007 384 1042 fin.
406 1005 458 1041 ΙΙΙ
479 1009 523 1041 63
549 1015 643 1050 quae
667 1004 709 1038 in
735 1002 874 1038 concha

104 1057 245 1103 patula
278 1056 374 1101 pina
412 1055 567 1096 dicitur,
607 1052 727 1086 Varro
769 1050 792 1086 l.
830 1050 870 1084 L.

113 1105 147 1140 V
190 1109 257 1140 146
295 1103 495 1139 secundum
543 1100 703 1135 Tiberim
746 1099 869 1142 forum

111 1153 320 1199 piscarium
351 1154 498 1194 vocant,
539 1148 608 1184 VII
635 1152 680 1183 83
716 1149 870 1181 Aurora

111 1202 252 1237 dicitur
271 1203 356 1236 ante
372 1199 460 1234 solis
478 1200 609 1239 ortum,
636 1196 735 1230 Fest.
754 1198 832 1229 198.
848 1196 868 1228 8

115 1248 313 1294 Oriyinum
324 1248 436 1283 libros
447 1245 640 1290 inscripsit
651 1243 751 1286 Cato,
759 1241 868 1277 Hom.

113 1297 183 1333 Od.
210 1296 280 1332 XV
307 1299 377 1331 403
412 1291 545 1338 Νῆσός
576 1306 631 1333 τις
663 1292 784 1336 Συρίη
818 1305 870 1325 κι-

114 1342 327 1391 κλήσκεται.
380 1342 507 1388 Vergl.
536 1345 555 1384 ξ
584 1344 628 1376 69
656 1353 704 1375 m.
738 1341 780 1374 in
814 1340 870 1374 lais

113 1394 210 1438 ferre
218 1395 432 1439 potuerunt.
458 1400 461 1435 Ι
487 1395 593 1435 lsqq.
612 1389 782 1424 Medium
796 1387 872 1422 und

107 1442 314 1488 perfectum
365 1439 447 1475 sind
502 1438 561 1474 die
620 1435 874 1483 eigentlichen

115 1489 348 1525 Ausdrfieke.
419 1488 524 1523 Stati
569 1486 633 1521 des
679 1484 872 1526 letzteren,

114 1538 220 1574 fahrt
245 1537 319 1573 Cic.
340 1537 427 1581 fort,
453 1534 565 1571 wolle
593 1546 632 1569 er
657 1533 777 1568 lieber
803 1533 875 1567 den

116 1587 265 1622 Namen
290 1588 428 1621 rectum
454 1583 621 1626 vexamen,
648 1581 734 1617 weil
755 1581 877 1616 dieser

114 1634 202 1670 dem
222 1633 371 1669 Griech.
393 1630 629 1677 κατόρθωμα
651 1630 778 1665 besser
795 1630 876 1664 ent-

117 1683 284 1729 spreche.
294 1681 404 1718 Diese
413 1679 655 1725 Erwahnung
663 1678 727 1713 des
737 1677 877 1724 grieoh.

115 1731 301 1766 terminus
320 1730 428 1765 fflhrt
453 1729 519 1764 ihn
543 1727 680 1763 darauf
698 1726 880 1771 beil'aufig

118 1779 192 1815 den
199 1779 260 1814 fiir
269 1779 425 1815 medium
430 1779 583 1824 <commu
590 1788 609 1810 n
615 1777 645 1821 e)
655 1788 699 1810 zu
712 1786 858 1810 nennen
871 1788 878 1808 :

121 1827 318 1864 ‘wahrend
351 1825 405 1862 sie
433 1846 477 1852 —
503 1824 666 1861 nennen'
703 1823 752 1867 (S.
775 1826 808 1858 2.
831 1823 877 1867 2).

83 1908 91 1916 .
117 1876 297 1921 καθῆκον
340 1873 439 1910 fehlt
482 1873 522 1909 in
559 1872 633 1908 den
670 1871 858 1914 Hdschn!

118 1925 186 1960 hoc
217 1924 284 1959 das
315 1923 439 1959 semer
477 1921 671 1964 stehende,
712 1918 880 1955 namlich

115 1973 164 2009 de
188 1983 259 2018 quo
284 1976 336 2008 est
360 1972 466 2007 nobis
485 1971 542 2006 his
562 1970 668 2005 libris
687 1969 876 2013 eoeplican-

120 2022 229 2063 dum;
256 2020 291 2055 II
317 2024 362 2056 63
389 2031 464 2062 ex.;
491 2018 609 2063 vergi.
637 2030 665 2052 z.
693 2017 710 2051 I
737 2019 780 2052 78
809 2027 876 2058 ex,

122 2073 191 2104 121
217 2081 252 2114 p.
278 2068 342 2113 in.,
368 2067 404 2102 ΙΙ
430 2071 475 2103 60
500 2079 567 2108 m.;
596 2066 688 2101 alter
716 2085 759 2090 —-
786 2065 879 2099 alter

121 2118 137 2152 I
157 2121 202 2152 38
229 2128 266 2162 p.
294 2116 358 2160 in.,
383 2115 437 2150 III
458 2119 502 2151 73
523 2126 577 2149 ex.
603 2115 608 2159 Ι
632 2118 664 2148 3.
685 2113 738 2148 sic
758 2112 878 2156 defin„

120 2169 164 2200 ut
194 2185 239 2190 ——
270 2165 378 2208 defin.
419 2162 627 2198 auffallend
659 2160 737 2196 und
773 2160 880 2195 nicht

120 2212 395 2248 unwesentlich
432 2209 681 2247 verschieden
718 2220 793 2244 von
827 2209 881 2243 sic

119 2262 317 2305 deliniunt,
342 2265 384 2296 ut
407 2260 521 2295 velint
547 2263 591 2294 96
613 2270 687 2299 ex.‚
714 2258 769 2292 ita
795 2260 883 2292 sunt

121 2310 288 2353 adsensi,
331 2312 374 2344 ut
414 2310 598 2344 censerent
635 2306 688 2340 III
728 2310 771 2340 11
813 2316 882 2351 ex„

116 2358 234 2403 probe
252 2357 441 2402 definitur,
467 2367 549 2391 cum
568 2355 699 2391 dicunt
717 2354 734 2389 I
754 2357 798 2390 62
819 2366 880 2397 m.‚

121 2407 180 2442 ita
198 2407 319 2449 sentit,
337 2409 379 2441 ut
393 2408 503 2450 putet
520 2404 628 2439 Tuso.
641 2403 676 2438 V
691 2406 737 2438 88
751 2415 786 2437 u.
803 2401 880 2447 dgl.

125 2453 203 2489 und
238 2454 337 2489 noeh
380 2452 645 2488 verschiedner
681 2462 758 2486 von
795 2450 882 2485 dem

124 2501 224 2538 noch
255 2501 585 2547 gewohnh‘cheren
618 2501 692 2535 ista
717 2509 815 2545 spes,
841 2502 883 2533 ut

119 2553 277 2596 putares
295 2549 390 2584 1153
409 2561 444 2595 p.
465 2561 528 2594 m.‚
547 2548 564 2583 I
582 2552 647 2584 148
667 2548 733 2583 hoc
752 2558 884 2589 errore,

124 2601 168 2634 ut
192 2598 410 2643 arbitretur,
439 2597 475 2632 II
502 2600 546 2632 10
573 2608 640 2639 ex„
666 2595 721 2631 ΠΙ
746 2599 792 2630 22
818 2595 880 2638 in.,

130 2649 175 2682 75
195 2658 244 2681 m.
290 2647 386 2681 hanc
428 2645 520 2688 vim,
563 2648 606 2680 ut
644 2644 764 2690 possit
809 2644 880 2678 etc.

130 2694 376 2736 (anaemaris
390 2693 461 2728 mit
474 2693 582 2739 quod,
601 2694 645 2737 si,
660 2693 747 2727 dem
759 2691 886 2726 Ablat.

128 2741 194 2778 des
218 2742 342 2778 Relai.
369 2755 397 2778 z.
424 2745 467 2777 52
495 2752 570 2784 ex.‚
597 2739 888 2784 anderweitiger

128 2790 237 2826 relat.
263 2789 524 2835 Anknfipfung
549 2793 595 2825 84
622 2800 654 2824 a.
681 2789 763 2833 m),
797 2787 888 2822 aber

128 2837 229 2874 doeh
259 2838 507 2874 hinreiehend
540 2837 736 2882 geschfltzt
769 2835 886 2870 durch

130 2885 258 2922 solche
291 2886 434 2921 Stellen
471 2885 542 2921 wie
589 2896 665 2920 sen.
694 2888 737 2920 72
778 2884 886 2925 illud,

129 2935 227 2980 quod
256 2935 455 2970 Pisistrato
476 2946 497 2970 α
521 2934 654 2969 Solone
672 2943 886 2978 responsum

945 952 977 986 ΙΙ
993 954 1060 985 362
1082 950 1149 984 illa
1169 947 1382 989 admiratio,
1402 945 1498 991 quod
1518 943 1703 980 admirari

945 999 1118 1041 solebam3
1146 995 1263 1041 vergl.
1284 995 1395 1030 11137
1417 994 1466 1029 in.
1491 995 1496 1038 Ι
1520 991 1609 1028 Dass
1625 991 1701 1027 Cic.

947 1059 995 1082 an
1009 1047 1131 1082 dieser
1145 1055 1287 1091 ganzen
1298 1042 1416 1079 Stelle
1425 1042 1562 1078 ebenso
1578 1039 1704 1084 wenig

943 1096 996 1130 im
1023 1093 1221 1130 Ausdruck
1247 1091 1441 1137 gh'icklich
1468 1089 1539 1125 wie
1564 1089 1604 1124 in
1630 1088 1704 1123 den

945 1142 1152 1181 Gedanken
1182 1141 1254 1176 tief
1282 1140 1359 1174 und
1391 1139 1476 1174 klar
1502 1138 1568 1181 ist,
1600 1137 1705 1171 kann

945 1191 1163 1237 zugegeben
1195 1188 1363 1230 werden3
1404 1187 1495 1222 aber
1529 1184 1610 1220 dass
1642 1185 1703 1220 die

945 1239 1151 1275 Definition
1176 1237 1300 1272 nichts
1334 1236 1390 1271 als
1423 1235 1505 1270 eine
1534 1233 1705 1268 Wieder-

945 1289 1089 1333 holung
1116 1287 1183 1322 der
1208 1283 1548 1329 vorhergehenden
1573 1281 1705 1317 Worte

946 1337 1017 1381 sei,
1056 1337 1106 1371 ist
1142 1335 1248 1370 nieht
1280 1332 1430 1378 richtig.
1490 1329 1596 1366 Oben
1628 1341 1707 1364 war

948 1386 1008 1420 ffir
1047 1384 1251 1429 perfectum
1295 1383 1356 1426 off.
1403 1380 1468 1416 der
1506 1378 1706 1414 Ausdruck

948 1437 1086 1469 rectum
1100 1433 1159 1477 off.
1176 1430 1377 1476 adoptiert‚
1398 1428 1480 1463 hier
1498 1427 1592 1462 wird
1610 1427 1705 1472 perf.

949 1484 1009 1526 off.
1026 1481 1199 1516 definiert
1213 1479 1269 1514 als
1284 1479 1335 1521 id,
1350 1478 1447 1523 quod
1467 1479 1604 1511 rectum
1624 1478 1704 1518 est,

950 1532 984 1565 d.
1007 1531 1042 1565 h.
1063 1530 1170 1564 nicht
1189 1532 1326 1563 rectum
1346 1527 1523 1570 officium,
1545 1523 1707 1559 sondern

949 1582 1042 1614 recte
1073 1578 1230 1622 factum,
1264 1575 1335 1611 wie
1368 1574 1430 1609 fin.
1463 1572 1516 1608 III
1542 1576 1589 1607 24-
1615 1583 1708 1617 quae

949 1638 1017 1662 nos
1037 1630 1103 1662 aut
1116 1629 1215 1661 recta
1229 1627 1295 1660 aut
1308 1626 1400 1659 recte
1413 1623 1515 1667 facta
1530 1621 1709 1663 dicamus,

952 1677 1011 1711 illi
1043 1678 1161 1710 autem
1195 1673 1387 1719 appellant
1412 1665 1710 1715 κατορθώματα,

953 1735 1073 1760 omnes
1111 1732 1282 1757 numeros
1319 1720 1469 1755 virtutis
1508 1719 1707 1760 continent,

952 1772 1003 1807 ib.
1032 1776 1076 1807 59
1102 1771 1267 1807 videmus
1292 1779 1364 1804 esse
1390 1767 1586 1813 quiddam,
1612 1765 1710 1812 quod

951 1824 1045 1857 recte
1077 1821 1219 1864 factum
1253 1817 1487 1864 appellemus,
1522 1815 1563 1851 id
1590 1817 1710 1849 autem

953 1873 1004 1905 est
1031 1869 1235 1914 perfectum
1267 1866 1442 1910 officium.
1500 1862 1610 1898 Diese
1643 1861 1707 1896 Er-

953 1918 1118 1963 klartmg
1143 1917 1209 1951 des
1235 1912 1471 1959 κατόρθωμα
1496 1912 1604 1947 hatte
1630 1910 1711 1946 also

950 1966 1106 2001 Panaet.
1133 1964 1250 1999 nicht.
1287 1965 1292 2007 Ι
1328 1967 1362 1998 4.
1389 1972 1460 1997 esse
1485 1961 1555 1996 dic.
1582 1972 1613 1994 z.
1643 1962 1710 1993 142

953 2026 985 2049 a.
1017 2026 1071 2050 ex.
1120 2015 1125 2058 Ι
1174 2016 1205 2047 5.
1246 2010 1323 2046 Fin.
1365 2009 1418 2044 III
1438 2013 1483 2044 58
1522 2008 1620 2054 quod
1657 2008 1714 2042 ita

952 2063 1092 2107 factum
1119 2064 1187 2103 est,
1219 2063 1260 2095 ut
1287 2060 1365 2094 eius
1389 2058 1483 2102 facti
1503 2055 1714 2102 probabilis

952 2112 1050 2146 ratio
1081 2110 1188 2145 reddi
1224 2109 1340 2153 possit
1376 2105 1456 2153 (off.
1483 2105 1501 2140 I
1528 2108 1595 2140 101
1624 2106 1713 2148 ex.)‚

952 2158 1064 2205 Diog.
1078 2157 1118 2193 L.
1134 2157 1281 2192 VH107
1303 2151 1321 2190 ὃ
1348 2151 1526 2200 πραχθὲν
1554 2149 1714 2198 εὔλογόν

953 2204 1023 2242 τιν’
1053 2208 1148 2252 ἴσχει
1173 2200 1442 2249 ἀπολογισμόν.
1479 2204 1483 2246 Ι
1522 2201 1641 2246 Tripl.
1662 2203 1714 2236 est

955 2256 1100 2292 deliber.
1124 2254 1159 2290 S.
1173 2258 1246 2289 (5.6.
1271 2254 1276 2298 Ι
1300 2257 1331 2287 6.
1346 2253 1474 2298 iyitur,
1498 2249 1620 2294 ‘nun’‚
1642 2248 1714 2284 soll

955 2304 1054 2339 nach
1086 2300 1467 2347 vorausgeschickter
1493 2298 1714 2342 Einleitung

957 2352 1048 2388 oder
1061 2350 1281 2396 Einteilung
1301 2349 1361 2384 die
1382 2346 1633 2391 Behandlung
1647 2345 1713 2379 des

957 2401 1121 2436 Themas
1166 2399 1220 2434 als
1257 2396 1490 2433 natfirliches
1529 2393 1714 2435 Ergebnis

957 2460 1023 2484 aus
1044 2449 1131 2483 dem
1149 2444 1497 2492 Vorhergehenden
1517 2441 1715 2478 einffihren

956 2497 1127 2543 (ahnlich
1159 2506 1243 2541 erqo
1270 2498 1290 2537 ἓ
1320 2498 1387 2529 130
1412 2493 1497 2536 in),
1530 2489 1601 2524 wie
1629 2489 1716 2524 sehr

960 2545 1026 2590 oft,
1047 2558 1076 2580 z.
1092 2544 1134 2579 B.
1158 2543 1192 2579 S.
1206 2546 1238 2579 8.
1256 2546 1318 2586 143
1340 2542 1422 2577 hier
1443 2539 1532 2575 aber
1545 2538 1596 2573 ist
1611 2537 1714 2572 diese

958 2594 1069 2629 Form
1086 2592 1152 2628 der
1165 2590 1424 2635 Anknfipfung
1440 2585 1590 2633 logisch
1608 2585 1716 2621 nicht

956 2641 1113 2677 korrekt
1144 2640 1221 2675 und
1252 2638 1348 2674 'wird
1375 2636 1472 2672 auch
1497 2634 1606 2670 nicht
1629 2633 1716 2670 kor-

960 2689 1098 2732 rekter,
1124 2700 1232 2723 wenn
1254 2697 1344 2721 man
1364 2685 1437 2719 den
1463 2687 1482 2727 ξ
1504 2688 1524 2719 8
1546 2682 1714 2719 streicht.

960 2738 1088 2782 Vergl.
1114 2736 1167 2771 ΠΙ
1195 2738 1262 2770 102
1289 2746 1324 2779 p.
1351 2745 1400 2769 m.
1428 2732 1531 2768 Num
1556 2732 1684 2777 iyitur.
1707 2730 1712 2777 Ι

962 2790 993 2820 7.
1033 2786 1135 2820 Nam
1173 2784 1209 2818 S.
1237 2787 1268 2818 6.
1298 2785 1329 2817 7.
1366 2782 1371 2823 Ι
1406 2784 1473 2816 aut
1508 2800 1564 2814 —.
1620 2779 1716 2814 Tum

960 2837 1080 2869 autem
1095 2853 1150 2868 —.
1176 2831 1341 2866 Tertium
1354 2829 1439 2865 dub.
1453 2839 1568 2874 yenus
1582 2827 1616 2862 S.
1626 2831 1658 2863 6.
1669 2826 1712 2873 2.Ι

961 2886 992 2917 9.
1033 2884 1100 2916 aut
1131 2900 1176 2906 ——
1213 2882 1279 2914 aut
1314 2878 1411 2914 auch
1448 2877 1489 2911 in
1526 2875 1715 2922 positiven

961 2929 1098 2965 Satzen
1130 2927 1216 2964 sehr
1252 2927 1324 2971 oft,
1351 2926 1422 2962 wie
1450 2925 1516 2960 das
1543 2923 1714 2960 einfaehe
