<?xml version="1.0" encoding="UTF-8"?>
<!DOCTYPE html PUBLIC "-//W3C//DTD XHTML 1.0 Transitional//EN"
    "http://www.w3.org/TR/xhtml1/DTD/xhtml1-transitional.dtd">
<html xmlns="http://www.w3.org/1999/xhtml" xml:lang="en" lang="en">
 <head>
  <title>
</title>
<meta http-equiv="Content-Type" content="text/html;charset=utf-8" />
  <meta name='ocr-system' content='tesseract 3.04.00' />
  <meta name='ocr-capabilities' content='ocr_page ocr_carea ocr_par ocr_line ocrx_word'/>
</head>
<body>
  <div class='ocr_page' id='page_1' title='image "./deofficiislibrii00ciceuoft_0281.png"; bbox 0 0 1891 3213; ppageno 0'>
   <div class='ocr_carea' id='block_1_1' title="bbox 477 137 1260 181">
    <p class='ocr_par' dir='ltr' id='par_1_1' title="bbox 477 137 1260 181">
     <span class='ocr_line' id='line_1_1' title="bbox 477 137 1260 181; baseline -0.003 -8"><span class='ocrx_word' id='word_1_1' title='bbox 477 137 624 173; x_wconf 80' lang='lat' dir='ltr'><strong>LIBER</strong></span> <span class='ocrx_word' id='word_1_2' title='bbox 650 137 695 172; x_wconf 89' lang='grc' dir='ltr'>ΙΙ.</span> <span class='ocrx_word' id='word_1_3' title='bbox 747 137 848 173; x_wconf 87' lang='lat' dir='ltr'>CAP.</span> <span class='ocrx_word' id='word_1_4' title='bbox 871 141 927 181; x_wconf 83' lang='lat'>24,</span> <span class='ocrx_word' id='word_1_5' title='bbox 955 141 1010 172; x_wconf 79' lang='lat'>25.</span> <span class='ocrx_word' id='word_1_6' title='bbox 1063 140 1081 179; x_wconf 65' lang='lat' dir='ltr'>c}</span> <span class='ocrx_word' id='word_1_7' title='bbox 1108 140 1260 172; x_wconf 80' lang='lat'>85—89.</span> 
     </span>
    </p>
   </div>
   <div class='ocr_carea' id='block_1_2' title="bbox 1567 135 1649 178">
    <p class='ocr_par' dir='ltr' id='par_1_2' title="bbox 1567 135 1649 178">
     <span class='ocr_line' id='line_1_2' title="bbox 1567 135 1649 178; baseline -0.024 0"><span class='ocrx_word' id='word_1_8' title='bbox 1567 135 1649 178; x_wconf 84' lang='lat'>137</span> 
     </span>
    </p>
   </div>
   <div class='ocr_carea' id='block_1_3' title="bbox 74 245 1650 301">
    <p class='ocr_par' dir='ltr' id='par_1_3' title="bbox 74 245 1650 301">
     <span class='ocr_line' id='line_1_3' title="bbox 74 245 1650 301; baseline -0.003 -11"><span class='ocrx_word' id='word_1_9' title='bbox 74 248 172 290; x_wconf 90' lang='lat' dir='ltr'>dam</span> <span class='ocrx_word' id='word_1_10' title='bbox 217 247 407 301; x_wconf 87' lang='lat' dir='ltr'>optumis</span> <span class='ocrx_word' id='word_1_11' title='bbox 453 245 554 287; x_wconf 86' lang='lat' dir='ltr'>viris</span> <span class='ocrx_word' id='word_1_12' title='bbox 601 245 654 287; x_wconf 85' lang='lat' dir='ltr'>ad</span> <span class='ocrx_word' id='word_1_13' title='bbox 697 245 851 287; x_wconf 89' lang='lat' dir='ltr'>Ianum</span> <span class='ocrx_word' id='word_1_14' title='bbox 895 245 1083 286; x_wconf 88' lang='lat' dir='ltr'>medium</span> <span class='ocrx_word' id='word_1_15' title='bbox 1130 245 1377 287; x_wconf 76' lang='lat' dir='ltr'>sedentibus</span> <span class='ocrx_word' id='word_1_16' title='bbox 1422 260 1551 300; x_wconf 86' lang='lat' dir='ltr'>quam</span> <span class='ocrx_word' id='word_1_17' title='bbox 1597 246 1650 287; x_wconf 86' lang='lat' dir='ltr'>ab</span> 
     </span>
    </p>
   </div>
   <div class='ocr_carea' id='block_1_4' title="bbox 73 304 1204 361">
    <p class='ocr_par' dir='ltr' id='par_1_4' title="bbox 73 304 1204 361">
     <span class='ocr_line' id='line_1_4' title="bbox 73 304 1204 361; baseline -0.003 -13"><span class='ocrx_word' id='word_1_18' title='bbox 73 306 173 349; x_wconf 88' lang='lat' dir='ltr'>ullis</span> <span class='ocrx_word' id='word_1_19' title='bbox 213 305 486 361; x_wconf 86' lang='lat' dir='ltr'>philosophis</span> <span class='ocrx_word' id='word_1_20' title='bbox 530 305 620 346; x_wconf 89' lang='lat' dir='ltr'>ulla</span> <span class='ocrx_word' id='word_1_21' title='bbox 663 305 708 346; x_wconf 89' lang='lat' dir='ltr'>in</span> <span class='ocrx_word' id='word_1_22' title='bbox 753 304 902 346; x_wconf 87' lang='lat' dir='ltr'>schola</span> <span class='ocrx_word' id='word_1_23' title='bbox 946 304 1204 359; x_wconf 85' lang='lat' dir='ltr'>disputatur.</span> 
     </span>
    </p>
   </div>
   <div class='ocr_carea' id='block_1_5' title="bbox 1267 303 1652 346">
    <p class='ocr_par' dir='ltr' id='par_1_5' title="bbox 1267 303 1652 346">
     <span class='ocr_line' id='line_1_5' title="bbox 1267 303 1652 346; baseline -0.003 0"><span class='ocrx_word' id='word_1_24' title='bbox 1267 303 1377 346; x_wconf 79' lang='lat' dir='ltr'>Sunt</span> <span class='ocrx_word' id='word_1_25' title='bbox 1415 308 1561 346; x_wconf 82' lang='lat' dir='ltr'>tamen</span> <span class='ocrx_word' id='word_1_26' title='bbox 1602 319 1652 346; x_wconf 89' lang='lat' dir='ltr'>ea</span> 
     </span>
    </p>
   </div>
   <div class='ocr_carea' id='block_1_6' title="bbox 73 363 1651 421">
    <p class='ocr_par' dir='ltr' id='par_1_6' title="bbox 73 363 1651 421">
     <span class='ocr_line' id='line_1_6' title="bbox 73 363 1651 421; baseline -0.002 -13"><span class='ocrx_word' id='word_1_27' title='bbox 73 364 388 421; x_wconf 68' lang='lat' dir='ltr'>cognoscenda,</span> <span class='ocrx_word' id='word_1_28' title='bbox 432 364 652 420; x_wconf 88' lang='lat' dir='ltr'>pertinent</span> <span class='ocrx_word' id='word_1_29' title='bbox 689 364 803 405; x_wconf 90' lang='lat' dir='ltr'>enim</span> <span class='ocrx_word' id='word_1_30' title='bbox 843 363 894 405; x_wconf 90' lang='lat' dir='ltr'>ad</span> <span class='ocrx_word' id='word_1_31' title='bbox 928 364 1183 418; x_wconf 68' lang='lat' dir='ltr'>utilitatem,</span> <span class='ocrx_word' id='word_1_32' title='bbox 1228 364 1278 405; x_wconf 89' lang='lat' dir='ltr'>de</span> <span class='ocrx_word' id='word_1_33' title='bbox 1312 379 1396 418; x_wconf 92' lang='lat' dir='ltr'>qua</span> <span class='ocrx_word' id='word_1_34' title='bbox 1427 364 1508 406; x_wconf 88' lang='lat' dir='ltr'>hoc</span> <span class='ocrx_word' id='word_1_35' title='bbox 1541 364 1651 406; x_wconf 91' lang='lat' dir='ltr'>libro</span> 
     </span>
    </p>
   </div>
   <div class='ocr_carea' id='block_1_7' title="bbox 71 425 447 480">
    <p class='ocr_par' dir='ltr' id='par_1_7' title="bbox 71 425 447 480">
     <span class='ocr_line' id='line_1_7' title="bbox 71 425 447 480; baseline -0.003 -14"><span class='ocrx_word' id='word_1_36' title='bbox 71 425 337 480; x_wconf 84' lang='lat' dir='ltr'>disputatum</span> <span class='ocrx_word' id='word_1_37' title='bbox 371 427 447 466; x_wconf 87' lang='lat' dir='ltr'>est.</span> 
     </span>
    </p>
   </div>
   <div class='ocr_carea' id='block_1_8' title="bbox 192 482 1652 537">
    <p class='ocr_par' dir='ltr' id='par_1_8' title="bbox 192 482 1652 537">
     <span class='ocr_line' id='line_1_8' title="bbox 192 482 1652 537; baseline -0.001 -11"><span class='ocrx_word' id='word_1_38' title='bbox 192 483 274 526; x_wconf 86' lang='lat' dir='ltr'>Sed</span> <span class='ocrx_word' id='word_1_39' title='bbox 306 483 550 525; x_wconf 79' lang='lat' dir='ltr'>utilitatum</span> <span class='ocrx_word' id='word_1_40' title='bbox 583 482 870 537; x_wconf 88' lang='lat' dir='ltr'>comparatio,</span> <span class='ocrx_word' id='word_1_41' title='bbox 905 482 1109 537; x_wconf 88' lang='lat' dir='ltr'>quoniam</span> <span class='ocrx_word' id='word_1_42' title='bbox 1143 482 1215 523; x_wconf 89' lang='lat' dir='ltr'>hic</span> <span class='ocrx_word' id='word_1_43' title='bbox 1245 482 1365 524; x_wconf 85' lang='lat' dir='ltr'>locus</span> <span class='ocrx_word' id='word_1_44' title='bbox 1400 486 1493 524; x_wconf 85' lang='lat' dir='ltr'>erat</span> <span class='ocrx_word' id='word_1_45' title='bbox 1526 498 1652 537; x_wconf 89' lang='lat' dir='ltr'>quar-</span> 
     </span>
    </p>
   </div>
   <div class='ocr_carea' id='block_1_9' title="bbox 71 542 1400 598">
    <p class='ocr_par' dir='ltr' id='par_1_9' title="bbox 71 542 1400 598">
     <span class='ocr_line' id='line_1_9' title="bbox 71 542 1400 598; baseline -0.002 -13"><span class='ocrx_word' id='word_1_46' title='bbox 71 546 160 598; x_wconf 87' lang='lat' dir='ltr'>tus,</span> <span class='ocrx_word' id='word_1_47' title='bbox 206 558 231 584; x_wconf 89' lang='lat' dir='ltr'>a</span> <span class='ocrx_word' id='word_1_48' title='bbox 261 542 470 584; x_wconf 83' lang='lat' dir='ltr'>Panaetio</span> <span class='ocrx_word' id='word_1_49' title='bbox 502 542 849 596; x_wconf 83' lang='lat' dir='ltr'>praetermissus,</span> <span class='ocrx_word' id='word_1_50' title='bbox 890 556 1017 595; x_wconf 86' lang='lat' dir='ltr'>saepe</span> <span class='ocrx_word' id='word_1_51' title='bbox 1051 544 1116 583; x_wconf 89' lang='lat' dir='ltr'>est</span> <span class='ocrx_word' id='word_1_52' title='bbox 1146 542 1400 583; x_wconf 86' lang='lat' dir='ltr'>necessaria.</span> 
     </span>
    </p>
   </div>
   <div class='ocr_carea' id='block_1_10' title="bbox 1463 541 1654 584">
    <p class='ocr_par' dir='ltr' id='par_1_10' title="bbox 1463 541 1654 584">
     <span class='ocr_line' id='line_1_10' title="bbox 1463 541 1654 584; baseline 0 -1"><span class='ocrx_word' id='word_1_53' title='bbox 1463 541 1577 583; x_wconf 83' lang='lat' dir='ltr'>Nam</span> <span class='ocrx_word' id='word_1_54' title='bbox 1612 546 1654 584; x_wconf 91' lang='lat' dir='ltr'>et</span> 
     </span>
    </p>
   </div>
   <div class='ocr_carea' id='block_1_11' title="bbox 72 599 1654 717">
    <p class='ocr_par' dir='ltr' id='par_1_11' title="bbox 72 599 1654 717">
     <span class='ocr_line' id='line_1_11' title="bbox 72 599 1651 657; baseline -0.001 -12"><span class='ocrx_word' id='word_1_55' title='bbox 72 602 264 657; x_wconf 87' lang='lat' dir='ltr'>corporis</span> <span class='ocrx_word' id='word_1_56' title='bbox 309 602 535 644; x_wconf 85' lang='lat' dir='ltr'>commoda</span> <span class='ocrx_word' id='word_1_57' title='bbox 580 616 676 643; x_wconf 88' lang='lat' dir='ltr'>cum</span> <span class='ocrx_word' id='word_1_58' title='bbox 721 601 909 643; x_wconf 85' lang='lat' dir='ltr'>externis</span> <span class='ocrx_word' id='word_1_59' title='bbox 958 599 1025 657; x_wconf 87' lang='lat' dir='ltr'>[et</span> <span class='ocrx_word' id='word_1_60' title='bbox 1075 603 1252 642; x_wconf 82' lang='lat' dir='ltr'>externa</span> <span class='ocrx_word' id='word_1_61' title='bbox 1297 615 1392 642; x_wconf 89' lang='lat' dir='ltr'>cum</span> <span class='ocrx_word' id='word_1_62' title='bbox 1441 602 1651 656; x_wconf 86' lang='lat' dir='ltr'>corporis]</span> 
     </span>
     <span class='ocr_line' id='line_1_12' title="bbox 73 661 1654 717; baseline -0.001 -14"><span class='ocrx_word' id='word_1_63' title='bbox 73 665 117 704; x_wconf 91' lang='lat' dir='ltr'>et</span> <span class='ocrx_word' id='word_1_64' title='bbox 152 662 248 717; x_wconf 84' lang='lat' dir='ltr'>ipsa</span> <span class='ocrx_word' id='word_1_65' title='bbox 285 661 399 703; x_wconf 86' lang='lat' dir='ltr'>inter</span> <span class='ocrx_word' id='word_1_66' title='bbox 438 676 482 703; x_wconf 90' lang='lat' dir='ltr'>se</span> <span class='ocrx_word' id='word_1_67' title='bbox 522 661 713 716; x_wconf 84' lang='lat' dir='ltr'>corporis</span> <span class='ocrx_word' id='word_1_68' title='bbox 753 663 797 702; x_wconf 89' lang='lat' dir='ltr'>et</span> <span class='ocrx_word' id='word_1_69' title='bbox 835 663 1014 702; x_wconf 85' lang='lat' dir='ltr'>externa</span> <span class='ocrx_word' id='word_1_70' title='bbox 1053 675 1148 702; x_wconf 89' lang='lat' dir='ltr'>cum</span> <span class='ocrx_word' id='word_1_71' title='bbox 1190 661 1376 702; x_wconf 83' lang='lat' dir='ltr'>externis</span> <span class='ocrx_word' id='word_1_72' title='bbox 1410 662 1654 716; x_wconf 84' lang='lat' dir='ltr'>comparari</span> 
     </span>
    </p>
   </div>
   <div class='ocr_carea' id='block_1_12' title="bbox 73 721 227 764">
    <p class='ocr_par' dir='ltr' id='par_1_12' title="bbox 73 721 227 764">
     <span class='ocr_line' id='line_1_13' title="bbox 73 721 227 764; baseline -0.013 0"><span class='ocrx_word' id='word_1_73' title='bbox 73 721 227 764; x_wconf 83' lang='lat' dir='ltr'>solent.</span> 
     </span>
    </p>
   </div>
   <div class='ocr_carea' id='block_1_13' title="bbox 290 719 1653 775">
    <p class='ocr_par' dir='ltr' id='par_1_13' title="bbox 290 719 1653 775">
     <span class='ocr_line' id='line_1_14' title="bbox 290 719 1653 775; baseline -0.001 -13"><span class='ocrx_word' id='word_1_74' title='bbox 290 719 399 762; x_wconf 86' lang='lat' dir='ltr'>Cum</span> <span class='ocrx_word' id='word_1_75' title='bbox 444 721 632 762; x_wconf 83' lang='lat' dir='ltr'>externis</span> <span class='ocrx_word' id='word_1_76' title='bbox 674 720 868 775; x_wconf 86' lang='lat' dir='ltr'>corporis</span> <span class='ocrx_word' id='word_1_77' title='bbox 907 720 991 762; x_wconf 87' lang='lat' dir='ltr'>hoc</span> <span class='ocrx_word' id='word_1_78' title='bbox 1035 719 1164 761; x_wconf 90' lang='lat' dir='ltr'>modo</span> <span class='ocrx_word' id='word_1_79' title='bbox 1209 723 1538 774; x_wconf 73' lang='lat' dir='ltr'>comparantur,</span> <span class='ocrx_word' id='word_1_80' title='bbox 1583 735 1653 761; x_wconf 81' lang='lat' dir='ltr'>va-</span> 
     </span>
    </p>
   </div>
   <div class='ocr_carea' id='block_1_14' title="bbox 20 779 1655 1013">
    <p class='ocr_par' dir='ltr' id='par_1_14' title="bbox 20 779 1655 1013">
     <span class='ocr_line' id='line_1_15' title="bbox 20 779 1654 834; baseline -0.001 -12"><span class='ocrx_word' id='word_1_81' title='bbox 20 792 55 817; x_wconf 91' lang='lat'>10</span> <span class='ocrx_word' id='word_1_82' title='bbox 72 781 162 822; x_wconf 87' lang='lat' dir='ltr'>lere</span> <span class='ocrx_word' id='word_1_83' title='bbox 200 783 249 822; x_wconf 87' lang='lat' dir='ltr'>ut</span> <span class='ocrx_word' id='word_1_84' title='bbox 288 780 412 822; x_wconf 87' lang='lat' dir='ltr'>malis</span> <span class='ocrx_word' id='word_1_85' title='bbox 453 795 582 834; x_wconf 90' lang='lat' dir='ltr'>quam</span> <span class='ocrx_word' id='word_1_86' title='bbox 621 780 740 821; x_wconf 84' lang='lat' dir='ltr'>dives</span> <span class='ocrx_word' id='word_1_87' title='bbox 786 794 896 833; x_wconf 87' lang='lat' dir='ltr'>esse,</span> <span class='ocrx_word' id='word_1_88' title='bbox 943 780 1063 832; x_wconf 90' lang='lat' dir='ltr'>[cum</span> <span class='ocrx_word' id='word_1_89' title='bbox 1109 779 1303 833; x_wconf 87' lang='lat' dir='ltr'>corporis</span> <span class='ocrx_word' id='word_1_90' title='bbox 1350 782 1527 821; x_wconf 82' lang='lat' dir='ltr'>externa</span> <span class='ocrx_word' id='word_1_91' title='bbox 1571 779 1654 821; x_wconf 85' lang='lat' dir='ltr'>hoc</span> 
     </span>
     <span class='ocr_line' id='line_1_16' title="bbox 74 839 1650 894; baseline -0.001 -13"><span class='ocrx_word' id='word_1_92' title='bbox 74 839 226 893; x_wconf 90' lang='lat' dir='ltr'>modo,</span> <span class='ocrx_word' id='word_1_93' title='bbox 271 839 388 881; x_wconf 84' lang='lat' dir='ltr'>dives</span> <span class='ocrx_word' id='word_1_94' title='bbox 435 854 527 881; x_wconf 84' lang='lat' dir='ltr'>esse</span> <span class='ocrx_word' id='word_1_95' title='bbox 572 839 720 894; x_wconf 86' lang='lat' dir='ltr'>potius</span> <span class='ocrx_word' id='word_1_96' title='bbox 767 853 895 894; x_wconf 89' lang='lat' dir='ltr'>quam</span> <span class='ocrx_word' id='word_1_97' title='bbox 941 839 1155 880; x_wconf 81' lang='lat' dir='ltr'>maxumis</span> <span class='ocrx_word' id='word_1_98' title='bbox 1201 839 1392 893; x_wconf 88' lang='lat' dir='ltr'>corporis</span> <span class='ocrx_word' id='word_1_99' title='bbox 1439 839 1650 893; x_wconf 75' lang='lat' dir='ltr'>viribus,]</span> 
     </span>
     <span class='ocr_line' id='line_1_17' title="bbox 73 898 1654 953; baseline -0.001 -13"><span class='ocrx_word' id='word_1_100' title='bbox 73 899 170 953; x_wconf 83' lang='lat' dir='ltr'>ipsa</span> <span class='ocrx_word' id='word_1_101' title='bbox 207 899 320 940; x_wconf 89' lang='lat' dir='ltr'>inter</span> <span class='ocrx_word' id='word_1_102' title='bbox 359 913 403 941; x_wconf 84' lang='lat' dir='ltr'>se</span> <span class='ocrx_word' id='word_1_103' title='bbox 442 899 634 953; x_wconf 84' lang='lat' dir='ltr'>corporis</span> <span class='ocrx_word' id='word_1_104' title='bbox 674 898 756 953; x_wconf 85' lang='lat' dir='ltr'>sic,</span> <span class='ocrx_word' id='word_1_105' title='bbox 799 901 849 940; x_wconf 90' lang='lat' dir='ltr'>ut</span> <span class='ocrx_word' id='word_1_106' title='bbox 891 899 1010 940; x_wconf 90' lang='lat' dir='ltr'>bona</span> <span class='ocrx_word' id='word_1_107' title='bbox 1049 898 1253 939; x_wconf 84' lang='lat' dir='ltr'>valetudo</span> <span class='ocrx_word' id='word_1_108' title='bbox 1286 898 1503 952; x_wconf 76' lang='lat' dir='ltr'>voluptati</span> <span class='ocrx_word' id='word_1_109' title='bbox 1537 901 1654 940; x_wconf 86' lang='lat' dir='ltr'>ante-</span> 
     </span>
     <span class='ocr_line' id='line_1_18' title="bbox 74 958 1655 1013; baseline -0.001 -13"><span class='ocrx_word' id='word_1_110' title='bbox 74 961 279 1013; x_wconf 85' lang='lat' dir='ltr'>ponatur,</span> <span class='ocrx_word' id='word_1_111' title='bbox 317 959 430 1000; x_wconf 88' lang='lat' dir='ltr'>vires</span> <span class='ocrx_word' id='word_1_112' title='bbox 464 958 694 1012; x_wconf 83' lang='lat' dir='ltr'>celeritati,</span> <span class='ocrx_word' id='word_1_113' title='bbox 728 960 1002 999; x_wconf 86' lang='lat' dir='ltr'>externorum</span> <span class='ocrx_word' id='word_1_114' title='bbox 1037 959 1193 1012; x_wconf 90' lang='lat' dir='ltr'>autem,</span> <span class='ocrx_word' id='word_1_115' title='bbox 1225 960 1274 998; x_wconf 90' lang='lat' dir='ltr'>ut</span> <span class='ocrx_word' id='word_1_116' title='bbox 1306 958 1446 1012; x_wconf 83' lang='lat' dir='ltr'>gloria</span> <span class='ocrx_word' id='word_1_117' title='bbox 1479 958 1655 1012; x_wconf 81' lang='lat' dir='ltr'>divitiis,</span> 
     </span>
    </p>
   </div>
   <div class='ocr_carea' id='block_1_15' title="bbox 74 1017 758 1073">
    <p class='ocr_par' dir='ltr' id='par_1_15' title="bbox 74 1017 758 1073">
     <span class='ocr_line' id='line_1_19' title="bbox 74 1017 758 1073; baseline -0.001 -14"><span class='ocrx_word' id='word_1_118' title='bbox 74 1017 307 1073; x_wconf 85' lang='lat' dir='ltr'>vectigalia</span> <span class='ocrx_word' id='word_1_119' title='bbox 356 1018 522 1059; x_wconf 89' lang='lat' dir='ltr'>urbana</span> <span class='ocrx_word' id='word_1_120' title='bbox 571 1018 758 1059; x_wconf 81' lang='lat' dir='ltr'>rusticis.</span> 
     </span>
    </p>
   </div>
   <div class='ocr_carea' id='block_1_16' title="bbox 22 1075 1655 1191">
    <p class='ocr_par' dir='ltr' id='par_1_16' title="bbox 22 1075 1655 1191">
     <span class='ocr_line' id='line_1_20' title="bbox 22 1075 1654 1131; baseline 0.001 -13"><span class='ocrx_word' id='word_1_121' title='bbox 22 1088 56 1113; x_wconf 91' lang='lat'>15</span> <span class='ocrx_word' id='word_1_122' title='bbox 75 1076 181 1118; x_wconf 87' lang='lat' dir='ltr'>illud</span> <span class='ocrx_word' id='word_1_123' title='bbox 214 1079 280 1118; x_wconf 87' lang='lat' dir='ltr'>est</span> <span class='ocrx_word' id='word_1_124' title='bbox 312 1075 491 1119; x_wconf 82' lang='lat' dir='ltr'>Catonis</span> <span class='ocrx_word' id='word_1_125' title='bbox 526 1077 661 1119; x_wconf 87' lang='lat' dir='ltr'>senis:</span> <span class='ocrx_word' id='word_1_126' title='bbox 695 1092 720 1118; x_wconf 92' lang='lat' dir='ltr'>a</span> <span class='ocrx_word' id='word_1_127' title='bbox 752 1091 835 1131; x_wconf 91' lang='lat' dir='ltr'>quo</span> <span class='ocrx_word' id='word_1_128' title='bbox 870 1091 965 1117; x_wconf 88' lang='lat' dir='ltr'>cum</span> <span class='ocrx_word' id='word_1_129' title='bbox 999 1079 1287 1130; x_wconf 85' lang='lat' dir='ltr'>quaereretur,</span> <span class='ocrx_word' id='word_1_130' title='bbox 1321 1076 1420 1131; x_wconf 88' lang='lat' dir='ltr'>quid</span> <span class='ocrx_word' id='word_1_131' title='bbox 1455 1091 1654 1119; x_wconf 82' lang='lat' dir='ltr'>maxume</span> 
     </span>
     <span class='ocr_line' id='line_1_21' title="bbox 75 1134 1655 1191; baseline 0.001 -14"><span class='ocrx_word' id='word_1_132' title='bbox 75 1136 121 1177; x_wconf 92' lang='lat' dir='ltr'>in</span> <span class='ocrx_word' id='word_1_133' title='bbox 152 1150 198 1178; x_wconf 90' lang='lat' dir='ltr'>re</span> <span class='ocrx_word' id='word_1_134' title='bbox 229 1135 435 1178; x_wconf 88' lang='lat' dir='ltr'>familiari</span> <span class='ocrx_word' id='word_1_135' title='bbox 468 1136 706 1191; x_wconf 87' lang='lat' dir='ltr'>expediret,</span> <span class='ocrx_word' id='word_1_136' title='bbox 744 1136 989 1191; x_wconf 88' lang='lat' dir='ltr'>respondit:</span> <span class='ocrx_word' id='word_1_137' title='bbox 1042 1134 1199 1177; x_wconf 71' lang='lat' dir='ltr'>‘Bene</span> <span class='ocrx_word' id='word_1_138' title='bbox 1243 1135 1502 1191; x_wconf 78' lang='lat' dir='ltr'>pascere&#39;3</span> <span class='ocrx_word' id='word_1_139' title='bbox 1553 1137 1655 1190; x_wconf 84' lang='lat' dir='ltr'>quid</span> 
     </span>
    </p>
   </div>
   <div class='ocr_carea' id='block_1_17' title="bbox 31 1276 832 2976">
    <p class='ocr_par' dir='ltr' id='par_1_17' title="bbox 31 1276 829 1843">
     <span class='ocr_line' id='line_1_22' title="bbox 74 1276 827 1322; baseline 0 -11"><span class='ocrx_word' id='word_1_140' title='bbox 74 1286 229 1320; x_wconf 79' lang='lat' dir='ltr'>servare,</span> <span class='ocrx_word' id='word_1_141' title='bbox 250 1286 394 1322; x_wconf 69' lang='lat' dir='ltr'>auyere,</span> <span class='ocrx_word' id='word_1_142' title='bbox 414 1276 675 1319; x_wconf 74' lang='lat' dir='ltr'>herzustellen,</span> <span class='ocrx_word' id='word_1_143' title='bbox 690 1276 827 1311; x_wconf 78' lang='lat' dir='ltr'>utenda</span> 
     </span>
     <span class='ocr_line' id='line_1_23' title="bbox 31 1323 826 1370; baseline 0 -12"><span class='ocrx_word' id='word_1_144' title='bbox 31 1341 40 1352; x_wconf 72' lang='grc' dir='ltr'><strong><em>ο</em></strong></span> <span class='ocrx_word' id='word_1_145' title='bbox 75 1323 114 1358; x_wconf 90' lang='lat' dir='ltr'>in</span> <span class='ocrx_word' id='word_1_146' title='bbox 135 1324 306 1370; x_wconf 63' lang='lat' dir='ltr'>augenda</span> <span class='ocrx_word' id='word_1_147' title='bbox 324 1323 556 1369; x_wconf 87' lang='lat' dir='ltr'>korrigieren</span> <span class='ocrx_word' id='word_1_148' title='bbox 570 1324 718 1359; x_wconf 86' lang='lat' dir='ltr'>wollen.</span> <span class='ocrx_word' id='word_1_149' title='bbox 752 1324 826 1358; x_wconf 89' lang='lat' dir='ltr'>Da-</span> 
     </span>
     <span class='ocr_line' id='line_1_24' title="bbox 75 1370 827 1414; baseline 0 -9"><span class='ocrx_word' id='word_1_150' title='bbox 75 1370 138 1405; x_wconf 89' lang='lat' dir='ltr'>bei</span> <span class='ocrx_word' id='word_1_151' title='bbox 163 1371 214 1406; x_wconf 87' lang='lat' dir='ltr'>ist</span> <span class='ocrx_word' id='word_1_152' title='bbox 245 1371 469 1414; x_wconf 75' lang='lat' dir='ltr'>sibersehen‚</span> <span class='ocrx_word' id='word_1_153' title='bbox 504 1371 585 1406; x_wconf 82' lang='lat' dir='ltr'>dass</span> <span class='ocrx_word' id='word_1_154' title='bbox 618 1382 706 1406; x_wconf 90' lang='lat' dir='ltr'>man</span> <span class='ocrx_word' id='word_1_155' title='bbox 733 1371 827 1406; x_wconf 86' lang='lat' dir='ltr'>Geld</span> 
     </span>
     <span class='ocr_line' id='line_1_25' title="bbox 75 1417 828 1464; baseline 0.001 -12"><span class='ocrx_word' id='word_1_156' title='bbox 75 1417 137 1453; x_wconf 91' lang='lat' dir='ltr'>bei</span> <span class='ocrx_word' id='word_1_157' title='bbox 163 1418 235 1453; x_wconf 88' lang='lat' dir='ltr'>den</span> <span class='ocrx_word' id='word_1_158' title='bbox 259 1418 464 1463; x_wconf 82' lang='lat' dir='ltr'>Banquiers</span> <span class='ocrx_word' id='word_1_159' title='bbox 491 1419 622 1464; x_wconf 88' lang='lat' dir='ltr'>anlegt</span> <span class='ocrx_word' id='word_1_160' title='bbox 647 1419 722 1453; x_wconf 90' lang='lat' dir='ltr'>und</span> <span class='ocrx_word' id='word_1_161' title='bbox 750 1418 828 1453; x_wconf 82' lang='lat' dir='ltr'>sich</span> 
     </span>
     <span class='ocr_line' id='line_1_26' title="bbox 75 1465 828 1511; baseline 0 -11"><span class='ocrx_word' id='word_1_162' title='bbox 75 1465 149 1500; x_wconf 87' lang='lat' dir='ltr'>Rat</span> <span class='ocrx_word' id='word_1_163' title='bbox 176 1465 299 1501; x_wconf 87' lang='lat' dir='ltr'>erholt</span> <span class='ocrx_word' id='word_1_164' title='bbox 323 1466 550 1511; x_wconf 82' lang='lat' dir='ltr'>wenigstens</span> <span class='ocrx_word' id='word_1_165' title='bbox 580 1467 737 1510; x_wconf 85' lang='lat' dir='ltr'>ebenso,</span> <span class='ocrx_word' id='word_1_166' title='bbox 764 1478 828 1500; x_wconf 89' lang='lat' dir='ltr'>um</span> 
     </span>
     <span class='ocr_line' id='line_1_27' title="bbox 76 1513 828 1555; baseline -0.001 -7"><span class='ocrx_word' id='word_1_167' title='bbox 76 1524 114 1548; x_wconf 85' lang='lat' dir='ltr'>es</span> <span class='ocrx_word' id='word_1_168' title='bbox 139 1524 183 1547; x_wconf 90' lang='lat' dir='ltr'>zu</span> <span class='ocrx_word' id='word_1_169' title='bbox 208 1514 444 1555; x_wconf 86' lang='lat' dir='ltr'>vermehren,</span> <span class='ocrx_word' id='word_1_170' title='bbox 472 1513 528 1548; x_wconf 81' lang='lat' dir='ltr'>als</span> <span class='ocrx_word' id='word_1_171' title='bbox 553 1526 616 1548; x_wconf 87' lang='lat' dir='ltr'>um</span> <span class='ocrx_word' id='word_1_172' title='bbox 637 1524 675 1549; x_wconf 81' lang='lat' dir='ltr'>es</span> <span class='ocrx_word' id='word_1_173' title='bbox 701 1526 744 1548; x_wconf 85' lang='lat' dir='ltr'>zu</span> <span class='ocrx_word' id='word_1_174' title='bbox 772 1524 828 1548; x_wconf 86' lang='lat' dir='ltr'>er-</span> 
     </span>
     <span class='ocr_line' id='line_1_28' title="bbox 76 1560 825 1606; baseline 0 -11"><span class='ocrx_word' id='word_1_175' title='bbox 76 1560 220 1595; x_wconf 88' lang='lat' dir='ltr'>halten.</span> <span class='ocrx_word' id='word_1_176' title='bbox 268 1561 273 1605; x_wconf 92' lang='grc' dir='ltr'>Ι</span> <span class='ocrx_word' id='word_1_177' title='bbox 322 1565 352 1596; x_wconf 89' lang='grc'>1.</span> <span class='ocrx_word' id='word_1_178' title='bbox 391 1565 464 1605; x_wconf 86' lang='lat' dir='ltr'>opt.</span> <span class='ocrx_word' id='word_1_179' title='bbox 490 1562 582 1596; x_wconf 78' lang='lat' dir='ltr'>viris</span> <span class='ocrx_word' id='word_1_180' title='bbox 609 1560 643 1597; x_wconf 84' lang='lat' dir='ltr'>S.</span> <span class='ocrx_word' id='word_1_181' title='bbox 663 1564 791 1597; x_wconf 84' lang='lat'>94.11.</span> <span class='ocrx_word' id='word_1_182' title='bbox 822 1562 825 1606; x_wconf 88' lang='grc' dir='ltr'>Ι</span> 
     </span>
     <span class='ocr_line' id='line_1_29' title="bbox 75 1607 828 1652; baseline 0 -10"><span class='ocrx_word' id='word_1_183' title='bbox 75 1608 126 1643; x_wconf 82' lang='lat' dir='ltr'>ad</span> <span class='ocrx_word' id='word_1_184' title='bbox 145 1607 231 1643; x_wconf 81' lang='lat' dir='ltr'>Iau.</span> <span class='ocrx_word' id='word_1_185' title='bbox 245 1609 334 1643; x_wconf 83' lang='lat' dir='ltr'>med.</span> <span class='ocrx_word' id='word_1_186' title='bbox 349 1609 421 1644; x_wconf 79' lang='lat' dir='ltr'>sed.</span> <span class='ocrx_word' id='word_1_187' title='bbox 437 1609 498 1643; x_wconf 87' lang='lat' dir='ltr'>bei</span> <span class='ocrx_word' id='word_1_188' title='bbox 513 1609 585 1643; x_wconf 89' lang='lat' dir='ltr'>den</span> <span class='ocrx_word' id='word_1_189' title='bbox 595 1609 828 1652; x_wconf 84' lang='lat' dir='ltr'>Wechslern,</span> 
     </span>
     <span class='ocr_line' id='line_1_30' title="bbox 76 1655 828 1701; baseline 0.001 -12"><span class='ocrx_word' id='word_1_190' title='bbox 76 1655 137 1690; x_wconf 90' lang='lat' dir='ltr'>die</span> <span class='ocrx_word' id='word_1_191' title='bbox 156 1655 208 1690; x_wconf 91' lang='lat' dir='ltr'>im</span> <span class='ocrx_word' id='word_1_192' title='bbox 228 1655 436 1691; x_wconf 81' lang='lat' dir='ltr'>mittelsten</span> <span class='ocrx_word' id='word_1_193' title='bbox 456 1656 521 1691; x_wconf 89' lang='lat' dir='ltr'>der</span> <span class='ocrx_word' id='word_1_194' title='bbox 536 1660 556 1691; x_wconf 89' lang='lat'><strong>3</strong></span> <span class='ocrx_word' id='word_1_195' title='bbox 577 1656 828 1701; x_wconf 80' lang='lat' dir='ltr'>Durchg‘ange</span> 
     </span>
     <span class='ocr_line' id='line_1_31' title="bbox 74 1702 829 1739; baseline 0 -2"><span class='ocrx_word' id='word_1_196' title='bbox 74 1713 148 1738; x_wconf 83' lang='lat' dir='ltr'>von</span> <span class='ocrx_word' id='word_1_197' title='bbox 176 1702 248 1737; x_wconf 90' lang='lat' dir='ltr'>den</span> <span class='ocrx_word' id='word_1_198' title='bbox 274 1702 442 1739; x_wconf 81' lang='lat' dir='ltr'>Strassen</span> <span class='ocrx_word' id='word_1_199' title='bbox 476 1715 559 1738; x_wconf 89' lang='lat' dir='ltr'>zum</span> <span class='ocrx_word' id='word_1_200' title='bbox 585 1703 721 1738; x_wconf 88' lang='lat' dir='ltr'>Forum</span> <span class='ocrx_word' id='word_1_201' title='bbox 748 1703 829 1738; x_wconf 84' lang='lat' dir='ltr'>ihre</span> 
     </span>
     <span class='ocr_line' id='line_1_32' title="bbox 77 1749 828 1796; baseline 0.003 -12"><span class='ocrx_word' id='word_1_202' title='bbox 77 1749 210 1785; x_wconf 89' lang='lat' dir='ltr'>Buden</span> <span class='ocrx_word' id='word_1_203' title='bbox 229 1750 373 1786; x_wconf 85' lang='lat' dir='ltr'>hatten.</span> <span class='ocrx_word' id='word_1_204' title='bbox 414 1750 448 1786; x_wconf 87' lang='lat' dir='ltr'>S.</span> <span class='ocrx_word' id='word_1_205' title='bbox 469 1751 623 1796; x_wconf 86' lang='lat' dir='ltr'>interpr.</span> <span class='ocrx_word' id='word_1_206' title='bbox 650 1751 738 1786; x_wconf 86' lang='lat' dir='ltr'>Hor.</span> <span class='ocrx_word' id='word_1_207' title='bbox 761 1752 828 1786; x_wconf 82' lang='lat' dir='ltr'>sat.</span> 
     </span>
     <span class='ocr_line' id='line_1_33' title="bbox 75 1798 718 1843; baseline 0.003 -12"><span class='ocrx_word' id='word_1_208' title='bbox 75 1798 157 1834; x_wconf 87' lang='lat'>113.</span> <span class='ocrx_word' id='word_1_209' title='bbox 177 1802 232 1833; x_wconf 90' lang='lat'>18.</span> <span class='ocrx_word' id='word_1_210' title='bbox 268 1800 273 1841; x_wconf 83' lang='grc' dir='ltr'>Ι</span> <span class='ocrx_word' id='word_1_211' title='bbox 308 1802 340 1833; x_wconf 88' lang='grc'>3.</span> <span class='ocrx_word' id='word_1_212' title='bbox 373 1799 511 1843; x_wconf 74' lang='lat' dir='ltr'>pertin.</span> <span class='ocrx_word' id='word_1_213' title='bbox 539 1798 574 1833; x_wconf 85' lang='lat' dir='ltr'>S.</span> <span class='ocrx_word' id='word_1_214' title='bbox 591 1802 646 1833; x_wconf 79' lang='lat'>23.</span> <span class='ocrx_word' id='word_1_215' title='bbox 665 1803 718 1833; x_wconf 87' lang='lat'>12.</span> 
     </span>
    </p>

    <p class='ocr_par' dir='ltr' id='par_1_18' title="bbox 71 1845 832 2976">
     <span class='ocr_line' id='line_1_34' title="bbox 89 1845 830 1891; baseline 0.001 -12"><span class='ocrx_word' id='word_1_216' title='bbox 89 1851 95 1858; x_wconf 73' lang='lat'><em>⁷</em></span> <span class='ocrx_word' id='word_1_217' title='bbox 123 1848 157 1880; x_wconf 89' lang='lat'>5.</span> <span class='ocrx_word' id='word_1_218' title='bbox 195 1846 276 1880; x_wconf 80' lang='lat' dir='ltr'>util.</span> <span class='ocrx_word' id='word_1_219' title='bbox 298 1845 402 1881; x_wconf 84' lang='lat' dir='ltr'>S.15.</span> <span class='ocrx_word' id='word_1_220' title='bbox 420 1850 475 1881; x_wconf 90' lang='lat'>10.</span> <span class='ocrx_word' id='word_1_221' title='bbox 510 1848 515 1891; x_wconf 67' lang='lat' dir='ltr'>l</span> <span class='ocrx_word' id='word_1_222' title='bbox 550 1856 707 1891; x_wconf 76' lang='lat' dir='ltr'>compar.</span> <span class='ocrx_word' id='word_1_223' title='bbox 729 1845 830 1880; x_wconf 85' lang='lat' dir='ltr'>kann</span> 
     </span>
     <span class='ocr_line' id='line_1_35' title="bbox 77 1892 828 1937; baseline 0.003 -11"><span class='ocrx_word' id='word_1_224' title='bbox 77 1903 166 1927; x_wconf 91' lang='lat' dir='ltr'>man</span> <span class='ocrx_word' id='word_1_225' title='bbox 173 1892 393 1928; x_wconf 70' lang='lat' dir='ltr'>ubersetzen</span> <span class='ocrx_word' id='word_1_226' title='bbox 407 1893 619 1937; x_wconf 84' lang='lat' dir='ltr'>‘Konflikt&#39;,</span> <span class='ocrx_word' id='word_1_227' title='bbox 633 1904 743 1929; x_wconf 73' lang='lat' dir='ltr'>neces.</span> <span class='ocrx_word' id='word_1_228' title='bbox 757 1893 828 1928; x_wconf 88' lang='lat' dir='ltr'>wie</span> 
     </span>
     <span class='ocr_line' id='line_1_36' title="bbox 76 1940 830 1977; baseline 0.003 -4"><span class='ocrx_word' id='word_1_229' title='bbox 76 1951 106 1975; x_wconf 91' lang='lat' dir='ltr'>z.</span> <span class='ocrx_word' id='word_1_230' title='bbox 122 1940 163 1974; x_wconf 94' lang='grc' dir='ltr'>Β.</span> <span class='ocrx_word' id='word_1_231' title='bbox 187 1943 242 1974; x_wconf 87' lang='grc'>80.</span> <span class='ocrx_word' id='word_1_232' title='bbox 259 1943 304 1974; x_wconf 81' lang='grc'>26</span> <span class='ocrx_word' id='word_1_233' title='bbox 334 1941 675 1977; x_wconf 81' lang='lat' dir='ltr'>‘unvermeidlich&#39;.</span> <span class='ocrx_word' id='word_1_234' title='bbox 729 1940 830 1976; x_wconf 84' lang='lat' dir='ltr'>Com-</span> 
     </span>
     <span class='ocr_line' id='line_1_37' title="bbox 71 1986 829 2032; baseline 0 -10"><span class='ocrx_word' id='word_1_235' title='bbox 71 1997 214 2032; x_wconf 80' lang='lat' dir='ltr'>parare</span> <span class='ocrx_word' id='word_1_236' title='bbox 239 1986 352 2021; x_wconf 84' lang='lat' dir='ltr'>heisst</span> <span class='ocrx_word' id='word_1_237' title='bbox 384 1987 587 2032; x_wconf 85' lang='lat' dir='ltr'>eigentlich</span> <span class='ocrx_word' id='word_1_238' title='bbox 622 1988 681 2022; x_wconf 79' lang='lat' dir='ltr'>‘zu</span> <span class='ocrx_word' id='word_1_239' title='bbox 708 1988 829 2022; x_wconf 85' lang='lat' dir='ltr'>einem</span> 
     </span>
     <span class='ocr_line' id='line_1_38' title="bbox 76 2033 830 2079; baseline 0.003 -11"><span class='ocrx_word' id='word_1_240' title='bbox 76 2033 196 2069; x_wconf 87' lang='lat' dir='ltr'>Paare</span> <span class='ocrx_word' id='word_1_241' title='bbox 223 2035 334 2079; x_wconf 66' lang='lat' dir='ltr'>(par)</span> <span class='ocrx_word' id='word_1_242' title='bbox 360 2035 741 2078; x_wconf 78' lang='lat' dir='ltr'>zusammenstellen’,</span> <span class='ocrx_word' id='word_1_243' title='bbox 776 2034 830 2070; x_wconf 82' lang='lat' dir='ltr'>sei</span> 
     </span>
     <span class='ocr_line' id='line_1_39' title="bbox 78 2081 829 2126; baseline 0 -10"><span class='ocrx_word' id='word_1_244' title='bbox 78 2093 116 2117; x_wconf 84' lang='lat' dir='ltr'>es</span> <span class='ocrx_word' id='word_1_245' title='bbox 149 2094 196 2116; x_wconf 86' lang='lat' dir='ltr'>zu</span> <span class='ocrx_word' id='word_1_246' title='bbox 230 2081 641 2126; x_wconf 83' lang='lat' dir='ltr'>gemeinschaftlichem</span> <span class='ocrx_word' id='word_1_247' title='bbox 672 2082 829 2116; x_wconf 86' lang='lat' dir='ltr'>Wirken</span> 
     </span>
     <span class='ocr_line' id='line_1_40' title="bbox 77 2129 830 2171; baseline 0.003 -8"><span class='ocrx_word' id='word_1_248' title='bbox 77 2129 148 2164; x_wconf 85' lang='lat' dir='ltr'>wie</span> <span class='ocrx_word' id='word_1_249' title='bbox 176 2129 354 2171; x_wconf 77' lang='lat' dir='ltr'>eonsules,</span> <span class='ocrx_word' id='word_1_250' title='bbox 383 2129 437 2164; x_wconf 84' lang='lat' dir='ltr'>sei</span> <span class='ocrx_word' id='word_1_251' title='bbox 463 2141 501 2165; x_wconf 84' lang='lat' dir='ltr'>es</span> <span class='ocrx_word' id='word_1_252' title='bbox 527 2141 589 2164; x_wconf 89' lang='lat' dir='ltr'>um</span> <span class='ocrx_word' id='word_1_253' title='bbox 613 2129 673 2165; x_wconf 87' lang='lat' dir='ltr'>die</span> <span class='ocrx_word' id='word_1_254' title='bbox 699 2129 830 2165; x_wconf 71' lang='lat' dir='ltr'>Krafte</span> 
     </span>
     <span class='ocr_line' id='line_1_41' title="bbox 77 2176 830 2223; baseline 0.003 -13"><span class='ocrx_word' id='word_1_255' title='bbox 77 2188 121 2211; x_wconf 90' lang='lat' dir='ltr'>zu</span> <span class='ocrx_word' id='word_1_256' title='bbox 153 2186 305 2223; x_wconf 51' lang='lat' dir='ltr'>messen·</span> <span class='ocrx_word' id='word_1_257' title='bbox 332 2176 402 2212; x_wconf 88' lang='lat' dir='ltr'>wie</span> <span class='ocrx_word' id='word_1_258' title='bbox 434 2177 671 2221; x_wconf 73' lang='lat' dir='ltr'>91adiatores,</span> <span class='ocrx_word' id='word_1_259' title='bbox 713 2177 766 2212; x_wconf 85' lang='lat' dir='ltr'>sei</span> <span class='ocrx_word' id='word_1_260' title='bbox 793 2188 830 2211; x_wconf 87' lang='lat' dir='ltr'>es</span> 
     </span>
     <span class='ocr_line' id='line_1_42' title="bbox 78 2222 831 2260; baseline 0.001 -2"><span class='ocrx_word' id='word_1_261' title='bbox 78 2235 142 2258; x_wconf 91' lang='lat' dir='ltr'>um</span> <span class='ocrx_word' id='word_1_262' title='bbox 181 2223 241 2258; x_wconf 88' lang='lat' dir='ltr'>die</span> <span class='ocrx_word' id='word_1_263' title='bbox 279 2222 574 2259; x_wconf 83' lang='lat' dir='ltr'>Ahnlichkeiten</span> <span class='ocrx_word' id='word_1_264' title='bbox 613 2225 703 2260; x_wconf 87' lang='lat' dir='ltr'>oder</span> <span class='ocrx_word' id='word_1_265' title='bbox 740 2225 831 2259; x_wconf 85' lang='lat' dir='ltr'>Ver-</span> 
     </span>
     <span class='ocr_line' id='line_1_43' title="bbox 80 2270 831 2308; baseline 0.001 -3"><span class='ocrx_word' id='word_1_266' title='bbox 80 2270 385 2306; x_wconf 83' lang='lat' dir='ltr'>schiedenheiten</span> <span class='ocrx_word' id='word_1_267' title='bbox 411 2284 456 2306; x_wconf 89' lang='lat' dir='ltr'>zu</span> <span class='ocrx_word' id='word_1_268' title='bbox 480 2272 615 2307; x_wconf 88' lang='lat' dir='ltr'>finden.</span> <span class='ocrx_word' id='word_1_269' title='bbox 661 2272 705 2306; x_wconf 86' lang='lat' dir='ltr'>In</span> <span class='ocrx_word' id='word_1_270' title='bbox 731 2272 831 2308; x_wconf 88' lang='lat' dir='ltr'>allen</span> 
     </span>
     <span class='ocr_line' id='line_1_44' title="bbox 79 2317 832 2362; baseline 0.001 -10"><span class='ocrx_word' id='word_1_271' title='bbox 79 2317 239 2362; x_wconf 81' lang='lat' dir='ltr'>Stellen,</span> <span class='ocrx_word' id='word_1_272' title='bbox 272 2318 312 2353; x_wconf 89' lang='lat' dir='ltr'>in</span> <span class='ocrx_word' id='word_1_273' title='bbox 346 2319 466 2354; x_wconf 88' lang='lat' dir='ltr'>denen</span> <span class='ocrx_word' id='word_1_274' title='bbox 497 2319 579 2354; x_wconf 88' lang='lat' dir='ltr'>hier</span> <span class='ocrx_word' id='word_1_275' title='bbox 618 2330 692 2355; x_wconf 87' lang='lat' dir='ltr'>von</span> <span class='ocrx_word' id='word_1_276' title='bbox 730 2320 832 2354; x_wconf 87' lang='lat' dir='ltr'>einer</span> 
     </span>
     <span class='ocr_line' id='line_1_45' title="bbox 79 2367 831 2410; baseline 0.003 -10"><span class='ocrx_word' id='word_1_277' title='bbox 79 2367 305 2410; x_wconf 85' lang='lat' dir='ltr'>comparatio</span> <span class='ocrx_word' id='word_1_278' title='bbox 319 2367 525 2402; x_wconf 75' lang='lat' dir='ltr'>utilitatum</span> <span class='ocrx_word' id='word_1_279' title='bbox 544 2367 634 2402; x_wconf 91' lang='lat' dir='ltr'>oder</span> <span class='ocrx_word' id='word_1_280' title='bbox 653 2368 831 2402; x_wconf 76' lang='lat' dir='ltr'>utilitatis</span> 
     </span>
     <span class='ocr_line' id='line_1_46' title="bbox 78 2413 829 2458; baseline 0.003 -10"><span class='ocrx_word' id='word_1_281' title='bbox 78 2423 160 2448; x_wconf 84' lang='lat' dir='ltr'>cum</span> <span class='ocrx_word' id='word_1_282' title='bbox 193 2413 376 2448; x_wconf 72' lang='lat' dir='ltr'>honestate</span> <span class='ocrx_word' id='word_1_283' title='bbox 407 2413 467 2448; x_wconf 89' lang='lat' dir='ltr'>die</span> <span class='ocrx_word' id='word_1_284' title='bbox 500 2414 603 2449; x_wconf 87' lang='lat' dir='ltr'>Rede</span> <span class='ocrx_word' id='word_1_285' title='bbox 635 2414 685 2448; x_wconf 81' lang='lat' dir='ltr'>ist</span> <span class='ocrx_word' id='word_1_286' title='bbox 721 2416 768 2458; x_wconf 90' lang='lat' dir='ltr'>(z.</span> <span class='ocrx_word' id='word_1_287' title='bbox 789 2414 829 2450; x_wconf 93' lang='lat' dir='ltr'>B.</span> 
     </span>
     <span class='ocr_line' id='line_1_47' title="bbox 78 2459 831 2504; baseline 0.003 -10"><span class='ocrx_word' id='word_1_288' title='bbox 78 2459 114 2495; x_wconf 89' lang='lat' dir='ltr'>S.</span> <span class='ocrx_word' id='word_1_289' title='bbox 129 2463 160 2494; x_wconf 91' lang='grc'>8.</span> <span class='ocrx_word' id='word_1_290' title='bbox 179 2463 239 2502; x_wconf 82' lang='grc'>15,</span> <span class='ocrx_word' id='word_1_291' title='bbox 263 2463 331 2494; x_wconf 84' lang='grc'>144</span> <span class='ocrx_word' id='word_1_292' title='bbox 349 2463 400 2504; x_wconf 89' lang='grc'>1),</span> <span class='ocrx_word' id='word_1_293' title='bbox 427 2461 582 2496; x_wconf 89' lang='lat' dir='ltr'>handelt</span> <span class='ocrx_word' id='word_1_294' title='bbox 608 2472 646 2496; x_wconf 86' lang='lat' dir='ltr'>es</span> <span class='ocrx_word' id='word_1_295' title='bbox 668 2461 747 2496; x_wconf 80' lang='lat' dir='ltr'>sich</span> <span class='ocrx_word' id='word_1_296' title='bbox 767 2474 831 2496; x_wconf 91' lang='lat' dir='ltr'>um</span> 
     </span>
     <span class='ocr_line' id='line_1_48' title="bbox 79 2507 828 2554; baseline 0.004 -14"><span class='ocrx_word' id='word_1_297' title='bbox 79 2507 468 2554; x_wconf 83' lang='lat' dir='ltr'>Zusammenstellung</span> <span class='ocrx_word' id='word_1_298' title='bbox 493 2508 628 2543; x_wconf 82' lang='lat' dir='ltr'>behufs</span> <span class='ocrx_word' id='word_1_299' title='bbox 655 2509 828 2544; x_wconf 83' lang='lat' dir='ltr'>Ermitte-</span> 
     </span>
     <span class='ocr_line' id='line_1_49' title="bbox 78 2554 830 2600; baseline 0.004 -12"><span class='ocrx_word' id='word_1_300' title='bbox 78 2554 170 2599; x_wconf 86' lang='lat' dir='ltr'>lung</span> <span class='ocrx_word' id='word_1_301' title='bbox 178 2554 513 2600; x_wconf 84' lang='lat' dir='ltr'>desVorrangesim</span> <span class='ocrx_word' id='word_1_302' title='bbox 523 2555 811 2591; x_wconf 83' lang='lat' dir='ltr'>Collisionsfalle</span> <span class='ocrx_word' id='word_1_303' title='bbox 822 2571 830 2599; x_wconf 79' lang='lat'>3</span> 
     </span>
     <span class='ocr_line' id='line_1_50' title="bbox 79 2603 829 2647; baseline 0.003 -11"><span class='ocrx_word' id='word_1_304' title='bbox 79 2605 266 2637; x_wconf 84' lang='lat' dir='ltr'>z.159.19.</span> <span class='ocrx_word' id='word_1_305' title='bbox 302 2603 307 2646; x_wconf 86' lang='grc' dir='ltr'>Ι</span> <span class='ocrx_word' id='word_1_306' title='bbox 341 2613 448 2647; x_wconf 78' lang='lat' dir='ltr'>quon.</span> <span class='ocrx_word' id='word_1_307' title='bbox 472 2603 573 2638; x_wconf 81' lang='lat' dir='ltr'>S.78.</span> <span class='ocrx_word' id='word_1_308' title='bbox 586 2607 638 2638; x_wconf 90' lang='lat'>10.</span> <span class='ocrx_word' id='word_1_309' title='bbox 669 2605 673 2647; x_wconf 88' lang='grc' dir='ltr'>Ι</span> <span class='ocrx_word' id='word_1_310' title='bbox 702 2607 779 2638; x_wconf 80' lang='lat' dir='ltr'>erat</span> <span class='ocrx_word' id='word_1_311' title='bbox 795 2604 829 2639; x_wconf 88' lang='lat' dir='ltr'>S.</span> 
     </span>
     <span class='ocr_line' id='line_1_51' title="bbox 78 2648 830 2695; baseline 0.005 -13"><span class='ocrx_word' id='word_1_312' title='bbox 78 2648 310 2692; x_wconf 80' lang='lat'>84.113110.</span> <span class='ocrx_word' id='word_1_313' title='bbox 345 2651 350 2694; x_wconf 90' lang='grc' dir='ltr'>Ι</span> <span class='ocrx_word' id='word_1_314' title='bbox 387 2654 417 2684; x_wconf 84' lang='lat'>7.</span> <span class='ocrx_word' id='word_1_315' title='bbox 460 2654 494 2685; x_wconf 86' lang='lat' dir='ltr'>et</span> <span class='ocrx_word' id='word_1_316' title='bbox 523 2654 593 2686; x_wconf 74' lang='lat' dir='ltr'>ext.</span> <span class='ocrx_word' id='word_1_317' title='bbox 620 2662 701 2685; x_wconf 88' lang='lat' dir='ltr'>cum</span> <span class='ocrx_word' id='word_1_318' title='bbox 733 2661 830 2695; x_wconf 81' lang='lat' dir='ltr'>corp.</span> 
     </span>
     <span class='ocr_line' id='line_1_52' title="bbox 78 2696 830 2742; baseline 0.004 -12"><span class='ocrx_word' id='word_1_319' title='bbox 78 2707 114 2730; x_wconf 90' lang='lat' dir='ltr'>u.</span> <span class='ocrx_word' id='word_1_320' title='bbox 129 2696 166 2730; x_wconf 91' lang='lat' dir='ltr'>Z.</span> <span class='ocrx_word' id='word_1_321' title='bbox 184 2699 280 2741; x_wconf 76' lang='lat' dir='ltr'>108q.</span> <span class='ocrx_word' id='word_1_322' title='bbox 315 2707 395 2732; x_wconf 86' lang='lat' dir='ltr'>cum</span> <span class='ocrx_word' id='word_1_323' title='bbox 408 2707 504 2742; x_wconf 85' lang='lat' dir='ltr'>corp.</span> <span class='ocrx_word' id='word_1_324' title='bbox 528 2718 572 2723; x_wconf 83' lang='lat'>—</span> <span class='ocrx_word' id='word_1_325' title='bbox 595 2698 736 2733; x_wconf 82' lang='lat' dir='ltr'>viribus</span> <span class='ocrx_word' id='word_1_326' title='bbox 748 2698 830 2733; x_wconf 87' lang='lat' dir='ltr'>sind</span> 
     </span>
     <span class='ocr_line' id='line_1_53' title="bbox 79 2742 826 2791; baseline 0.003 -13"><span class='ocrx_word' id='word_1_327' title='bbox 79 2742 246 2778; x_wconf 85' lang='lat' dir='ltr'>offenbar</span> <span class='ocrx_word' id='word_1_328' title='bbox 279 2755 373 2788; x_wconf 85' lang='lat' dir='ltr'>ganz</span> <span class='ocrx_word' id='word_1_329' title='bbox 403 2745 594 2780; x_wconf 71' lang='lat' dir='ltr'>thorichte</span> <span class='ocrx_word' id='word_1_330' title='bbox 627 2745 792 2780; x_wconf 64' lang='lat' dir='ltr'>Zusatze.</span> <span class='ocrx_word' id='word_1_331' title='bbox 823 2746 826 2791; x_wconf 62' lang='lat' dir='ltr'>f</span> 
     </span>
     <span class='ocr_line' id='line_1_54' title="bbox 80 2791 829 2835; baseline 0.003 -10"><span class='ocrx_word' id='word_1_332' title='bbox 80 2793 112 2824; x_wconf 90' lang='grc'>9.</span> <span class='ocrx_word' id='word_1_333' title='bbox 157 2792 336 2835; x_wconf 83' lang='lat' dir='ltr'>corporis,</span> <span class='ocrx_word' id='word_1_334' title='bbox 357 2791 469 2826; x_wconf 68' lang='lat' dir='ltr'>naml.</span> <span class='ocrx_word' id='word_1_335' title='bbox 491 2793 685 2828; x_wconf 81' lang='lat' dir='ltr'>commoda.</span> <span class='ocrx_word' id='word_1_336' title='bbox 722 2793 829 2827; x_wconf 88' lang='lat' dir='ltr'>Noch</span> 
     </span>
     <span class='ocr_line' id='line_1_55' title="bbox 79 2837 826 2875; baseline 0.003 -3"><span class='ocrx_word' id='word_1_337' title='bbox 79 2837 144 2872; x_wconf 82' lang='lat' dir='ltr'>auf</span> <span class='ocrx_word' id='word_1_338' title='bbox 152 2837 337 2873; x_wconf 83' lang='lat' dir='ltr'>fanender</span> <span class='ocrx_word' id='word_1_339' title='bbox 356 2839 472 2874; x_wconf 86' lang='lat' dir='ltr'>Acad.</span> <span class='ocrx_word' id='word_1_340' title='bbox 488 2840 503 2874; x_wconf 97' lang='lat' dir='ltr'>I</span> <span class='ocrx_word' id='word_1_341' title='bbox 515 2844 558 2874; x_wconf 79' lang='lat'>22</span> <span class='ocrx_word' id='word_1_342' title='bbox 569 2850 623 2875; x_wconf 84' lang='lat' dir='ltr'>ex.</span> <span class='ocrx_word' id='word_1_343' title='bbox 639 2840 706 2874; x_wconf 82' lang='lat' dir='ltr'>illa</span> <span class='ocrx_word' id='word_1_344' title='bbox 732 2840 826 2874; x_wconf 80' lang='lat' dir='ltr'>anti-</span> 
     </span>
     <span class='ocr_line' id='line_1_56' title="bbox 79 2885 830 2930; baseline 0.004 -12"><span class='ocrx_word' id='word_1_345' title='bbox 79 2895 153 2928; x_wconf 79' lang='lat' dir='ltr'>qua</span> <span class='ocrx_word' id='word_1_346' title='bbox 167 2885 401 2930; x_wconf 77' lang='lat' dir='ltr'>philosophia</span> <span class='ocrx_word' id='word_1_347' title='bbox 415 2888 527 2922; x_wconf 77' lang='lat' dir='ltr'>sensit</span> <span class='ocrx_word' id='word_1_348' title='bbox 547 2888 588 2922; x_wconf 82' lang='lat' dir='ltr'>iu</span> <span class='ocrx_word' id='word_1_349' title='bbox 604 2898 682 2922; x_wconf 76' lang='lat' dir='ltr'>uua</span> <span class='ocrx_word' id='word_1_350' title='bbox 696 2888 830 2921; x_wconf 82' lang='lat' dir='ltr'>virtute</span> 
     </span>
     <span class='ocr_line' id='line_1_57' title="bbox 79 2933 829 2976; baseline 0.004 -10"><span class='ocrx_word' id='word_1_351' title='bbox 79 2940 150 2966; x_wconf 83' lang='lat' dir='ltr'>esse</span> <span class='ocrx_word' id='word_1_352' title='bbox 163 2933 324 2976; x_wconf 76' lang='lat' dir='ltr'>positam</span> <span class='ocrx_word' id='word_1_353' title='bbox 346 2933 485 2969; x_wconf 85' lang='lat' dir='ltr'>beatam</span> <span class='ocrx_word' id='word_1_354' title='bbox 507 2935 618 2969; x_wconf 80' lang='lat' dir='ltr'>vitam</span> <span class='ocrx_word' id='word_1_355' title='bbox 632 2945 696 2968; x_wconf 78' lang='lat' dir='ltr'>uec</span> <span class='ocrx_word' id='word_1_356' title='bbox 710 2937 829 2969; x_wconf 74' lang='lat' dir='ltr'>tamen</span> 
     </span>
    </p>
   </div>
   <div class='ocr_carea' id='block_1_18' title="bbox 901 1275 1656 1463">
    <p class='ocr_par' dir='ltr' id='par_1_19' title="bbox 901 1275 1656 1463">
     <span class='ocr_line' id='line_1_58' title="bbox 901 1275 1655 1320; baseline 0.001 -10"><span class='ocrx_word' id='word_1_357' title='bbox 901 1276 1164 1318; x_wconf 74' lang='lat' dir='ltr'>beatissimam,</span> <span class='ocrx_word' id='word_1_358' title='bbox 1199 1275 1275 1310; x_wconf 66' lang='lat' dir='ltr'>wisi</span> <span class='ocrx_word' id='word_1_359' title='bbox 1307 1276 1598 1320; x_wconf 68' lang='lat' dir='ltr'>adz&#39;unyerentur</span> <span class='ocrx_word' id='word_1_360' title='bbox 1623 1279 1655 1311; x_wconf 87' lang='lat' dir='ltr'>et</span> 
     </span>
     <span class='ocr_line' id='line_1_59' title="bbox 901 1324 1656 1368; baseline -0.001 -9"><span class='ocrx_word' id='word_1_361' title='bbox 901 1324 1064 1368; x_wconf 73' lang='lat' dir='ltr'>corporis</span> <span class='ocrx_word' id='word_1_362' title='bbox 1085 1326 1117 1357; x_wconf 85' lang='lat' dir='ltr'>et</span> <span class='ocrx_word' id='word_1_363' title='bbox 1134 1326 1251 1358; x_wconf 82' lang='lat' dir='ltr'>cetera</span> <span class='ocrx_word' id='word_1_364' title='bbox 1263 1343 1307 1347; x_wconf 91' lang='lat'><strong>—</strong></span> <span class='ocrx_word' id='word_1_365' title='bbox 1323 1324 1372 1358; x_wconf 78' lang='lat' dir='ltr'>ad</span> <span class='ocrx_word' id='word_1_366' title='bbox 1385 1324 1534 1358; x_wconf 78' lang='lat' dir='ltr'>virtutis</span> <span class='ocrx_word' id='word_1_367' title='bbox 1548 1334 1656 1358; x_wconf 84' lang='lat' dir='ltr'>usum</span> 
     </span>
     <span class='ocr_line' id='line_1_60' title="bbox 901 1371 1655 1414; baseline 0 -8"><span class='ocrx_word' id='word_1_368' title='bbox 901 1372 1043 1406; x_wconf 78' lang='lat' dir='ltr'>idonea.</span> <span class='ocrx_word' id='word_1_369' title='bbox 1086 1373 1090 1414; x_wconf 78' lang='grc' dir='ltr'>Ι</span> <span class='ocrx_word' id='word_1_370' title='bbox 1142 1374 1195 1405; x_wconf 90' lang='grc'>13.</span> <span class='ocrx_word' id='word_1_371' title='bbox 1237 1374 1484 1414; x_wconf 72' lang='lat' dir='ltr'>externorum,</span> <span class='ocrx_word' id='word_1_372' title='bbox 1519 1371 1574 1405; x_wconf 82' lang='lat' dir='ltr'>als</span> <span class='ocrx_word' id='word_1_373' title='bbox 1608 1371 1655 1406; x_wconf 92' lang='lat' dir='ltr'>ob</span> 
     </span>
     <span class='ocr_line' id='line_1_61' title="bbox 902 1418 1655 1463; baseline 0 -10"><span class='ocrx_word' id='word_1_374' title='bbox 902 1419 1007 1453; x_wconf 85' lang='lat' dir='ltr'>nicht</span> <span class='ocrx_word' id='word_1_375' title='bbox 1046 1421 1326 1463; x_wconf 74' lang='lat' dir='ltr'>comparantur,</span> <span class='ocrx_word' id='word_1_376' title='bbox 1366 1418 1528 1454; x_wconf 86' lang='lat' dir='ltr'>sondern</span> <span class='ocrx_word' id='word_1_377' title='bbox 1564 1429 1655 1454; x_wconf 90' lang='lat' dir='ltr'>com-</span> 
     </span>
    </p>
   </div>
   <div class='ocr_carea' id='block_1_19' title="bbox 897 1466 1656 1511">
    <p class='ocr_par' dir='ltr' id='par_1_20' title="bbox 897 1466 1656 1511">
     <span class='ocr_line' id='line_1_62' title="bbox 897 1466 1656 1511; baseline 0 -11"><span class='ocrx_word' id='word_1_378' title='bbox 897 1466 1051 1511; x_wconf 84' lang='lat' dir='ltr'>paratio</span> <span class='ocrx_word' id='word_1_379' title='bbox 1071 1466 1113 1509; x_wconf 78' lang='lat' dir='ltr'>fit</span> <span class='ocrx_word' id='word_1_380' title='bbox 1132 1466 1399 1511; x_wconf 84' lang='lat' dir='ltr'>vorherginge,</span> <span class='ocrx_word' id='word_1_381' title='bbox 1428 1466 1508 1501; x_wconf 89' lang='lat' dir='ltr'>eine</span> <span class='ocrx_word' id='word_1_382' title='bbox 1533 1478 1656 1511; x_wconf 84' lang='lat' dir='ltr'>gram-</span> 
     </span>
    </p>
   </div>
   <div class='ocr_carea' id='block_1_20' title="bbox 901 1512 1657 2980">
    <p class='ocr_par' dir='ltr' id='par_1_21' title="bbox 901 1512 1657 2980">
     <span class='ocr_line' id='line_1_63' title="bbox 902 1512 1656 1556; baseline 0.001 -9"><span class='ocrx_word' id='word_1_383' title='bbox 902 1513 1087 1548; x_wconf 84' lang='lat' dir='ltr'>matische</span> <span class='ocrx_word' id='word_1_384' title='bbox 1126 1512 1422 1556; x_wconf 82' lang='lat' dir='ltr'>Inkorrektheit,</span> <span class='ocrx_word' id='word_1_385' title='bbox 1469 1513 1527 1548; x_wconf 90' lang='lat' dir='ltr'>die</span> <span class='ocrx_word' id='word_1_386' title='bbox 1567 1514 1656 1549; x_wconf 86' lang='lat' dir='ltr'>aber</span> 
     </span>
     <span class='ocr_line' id='line_1_64' title="bbox 903 1561 1656 1605; baseline 0.003 -10"><span class='ocrx_word' id='word_1_387' title='bbox 903 1561 1122 1595; x_wconf 85' lang='lat' dir='ltr'>schwerlich</span> <span class='ocrx_word' id='word_1_388' title='bbox 1155 1572 1221 1595; x_wconf 86' lang='lat' dir='ltr'>aus</span> <span class='ocrx_word' id='word_1_389' title='bbox 1254 1561 1563 1605; x_wconf 76' lang='lat' dir='ltr'>Nachl&#39;assigkeit</span> <span class='ocrx_word' id='word_1_390' title='bbox 1594 1562 1656 1597; x_wconf 86' lang='lat' dir='ltr'>be-</span> 
     </span>
     <span class='ocr_line' id='line_1_65' title="bbox 902 1608 1656 1654; baseline 0.001 -12"><span class='ocrx_word' id='word_1_391' title='bbox 902 1619 1052 1654; x_wconf 85' lang='lat' dir='ltr'>gangen</span> <span class='ocrx_word' id='word_1_392' title='bbox 1078 1608 1144 1651; x_wconf 87' lang='lat' dir='ltr'>ist,</span> <span class='ocrx_word' id='word_1_393' title='bbox 1181 1608 1339 1643; x_wconf 80' lang='lat' dir='ltr'>sondern</span> <span class='ocrx_word' id='word_1_394' title='bbox 1373 1608 1438 1643; x_wconf 90' lang='lat' dir='ltr'>der</span> <span class='ocrx_word' id='word_1_395' title='bbox 1463 1609 1656 1643; x_wconf 86' lang='lat' dir='ltr'>Deutlich-</span> 
     </span>
     <span class='ocr_line' id='line_1_66' title="bbox 902 1655 1656 1701; baseline 0.001 -11"><span class='ocrx_word' id='word_1_396' title='bbox 902 1655 984 1690; x_wconf 86' lang='lat' dir='ltr'>keit</span> <span class='ocrx_word' id='word_1_397' title='bbox 1008 1667 1156 1701; x_wconf 86' lang='lat' dir='ltr'>wegen,</span> <span class='ocrx_word' id='word_1_398' title='bbox 1178 1655 1297 1690; x_wconf 88' lang='lat' dir='ltr'>damit</span> <span class='ocrx_word' id='word_1_399' title='bbox 1317 1655 1453 1691; x_wconf 84' lang='lat' dir='ltr'>mitten</span> <span class='ocrx_word' id='word_1_400' title='bbox 1473 1655 1656 1691; x_wconf 86' lang='lat' dir='ltr'>zwischen</span> 
     </span>
     <span class='ocr_line' id='line_1_67' title="bbox 904 1702 1656 1747; baseline 0.003 -10"><span class='ocrx_word' id='word_1_401' title='bbox 904 1703 976 1738; x_wconf 91' lang='lat' dir='ltr'>den</span> <span class='ocrx_word' id='word_1_402' title='bbox 1002 1702 1270 1738; x_wconf 82' lang='lat' dir='ltr'>Nominativen</span> <span class='ocrx_word' id='word_1_403' title='bbox 1295 1704 1481 1747; x_wconf 73' lang='lat' dir='ltr'>valetudo,</span> <span class='ocrx_word' id='word_1_404' title='bbox 1507 1704 1602 1738; x_wconf 69' lang='lat' dir='ltr'>vires</span> <span class='ocrx_word' id='word_1_405' title='bbox 1620 1716 1656 1741; x_wconf 88' lang='grc'>11.</span> 
     </span>
     <span class='ocr_line' id='line_1_68' title="bbox 901 1750 1656 1796; baseline 0.001 -11"><span class='ocrx_word' id='word_1_406' title='bbox 901 1751 1034 1796; x_wconf 72' lang='lat' dir='ltr'>yloria,</span> <span class='ocrx_word' id='word_1_407' title='bbox 1048 1751 1172 1795; x_wconf 70' lang='lat' dir='ltr'>vectiy.</span> <span class='ocrx_word' id='word_1_408' title='bbox 1194 1751 1260 1786; x_wconf 85' lang='lat' dir='ltr'>das</span> <span class='ocrx_word' id='word_1_409' title='bbox 1275 1750 1490 1785; x_wconf 75' lang='lat' dir='ltr'>Verbaltnis</span> <span class='ocrx_word' id='word_1_410' title='bbox 1509 1751 1574 1786; x_wconf 87' lang='lat' dir='ltr'>der</span> <span class='ocrx_word' id='word_1_411' title='bbox 1589 1750 1656 1786; x_wconf 89' lang='lat' dir='ltr'>Be-</span> 
     </span>
     <span class='ocr_line' id='line_1_69' title="bbox 903 1797 1657 1843; baseline 0.001 -11"><span class='ocrx_word' id='word_1_412' title='bbox 903 1797 1010 1843; x_wconf 85' lang='lat' dir='ltr'>griffe</span> <span class='ocrx_word' id='word_1_413' title='bbox 1037 1810 1081 1832; x_wconf 88' lang='lat' dir='ltr'>zu</span> <span class='ocrx_word' id='word_1_414' title='bbox 1108 1798 1288 1833; x_wconf 86' lang='lat' dir='ltr'>einander</span> <span class='ocrx_word' id='word_1_415' title='bbox 1306 1798 1413 1833; x_wconf 86' lang='lat' dir='ltr'>nicht</span> <span class='ocrx_word' id='word_1_416' title='bbox 1431 1798 1657 1833; x_wconf 71' lang='lat' dir='ltr'>vei-dunkelt</span> 
     </span>
     <span class='ocr_line' id='line_1_70' title="bbox 903 1845 1657 1891; baseline 0 -11"><span class='ocrx_word' id='word_1_417' title='bbox 903 1845 1006 1881; x_wconf 82' lang='lat' dir='ltr'>wird.</span> <span class='ocrx_word' id='word_1_418' title='bbox 1049 1846 1053 1891; x_wconf 87' lang='grc' dir='ltr'>Ι</span> <span class='ocrx_word' id='word_1_419' title='bbox 1096 1850 1151 1880; x_wconf 84' lang='grc'>14.</span> <span class='ocrx_word' id='word_1_420' title='bbox 1190 1846 1314 1890; x_wconf 60' lang='lat' dir='ltr'>vectio.</span> <span class='ocrx_word' id='word_1_421' title='bbox 1351 1846 1433 1880; x_wconf 89' lang='lat' dir='ltr'>sind</span> <span class='ocrx_word' id='word_1_422' title='bbox 1457 1846 1563 1880; x_wconf 85' lang='lat' dir='ltr'>nicht</span> <span class='ocrx_word' id='word_1_423' title='bbox 1587 1858 1657 1881; x_wconf 80' lang='lat' dir='ltr'>nur</span> 
     </span>
     <span class='ocr_line' id='line_1_71' title="bbox 904 1893 1656 1936; baseline 0.001 -9"><span class='ocrx_word' id='word_1_424' title='bbox 904 1893 1063 1936; x_wconf 85' lang='lat' dir='ltr'>Staats-,</span> <span class='ocrx_word' id='word_1_425' title='bbox 1103 1893 1262 1928; x_wconf 87' lang='lat' dir='ltr'>sondern</span> <span class='ocrx_word' id='word_1_426' title='bbox 1309 1894 1404 1927; x_wconf 84' lang='lat' dir='ltr'>auch</span> <span class='ocrx_word' id='word_1_427' title='bbox 1449 1893 1656 1928; x_wconf 79' lang='lat' dir='ltr'>Privatein-</span> 
     </span>
     <span class='ocr_line' id='line_1_72' title="bbox 902 1940 1656 1985; baseline 0.003 -11"><span class='ocrx_word' id='word_1_428' title='bbox 902 1940 1046 1975; x_wconf 74' lang='lat' dir='ltr'>kfinfte.</span> <span class='ocrx_word' id='word_1_429' title='bbox 1084 1942 1087 1984; x_wconf 81' lang='grc' dir='ltr'>Ι</span> <span class='ocrx_word' id='word_1_430' title='bbox 1123 1941 1203 1975; x_wconf 79' lang='lat' dir='ltr'>urb.</span> <span class='ocrx_word' id='word_1_431' title='bbox 1222 1941 1501 1985; x_wconf 82' lang='lat' dir='ltr'>Nep.Att.14.3</span> <span class='ocrx_word' id='word_1_432' title='bbox 1522 1941 1656 1976; x_wconf 75' lang='lat' dir='ltr'>Nullos</span> 
     </span>
     <span class='ocr_line' id='line_1_73' title="bbox 902 1988 1656 2030; baseline 0.003 -9"><span class='ocrx_word' id='word_1_433' title='bbox 902 1988 1031 2022; x_wconf 82' lang='lat' dir='ltr'>habuit</span> <span class='ocrx_word' id='word_1_434' title='bbox 1064 1988 1202 2030; x_wconf 79' lang='lat' dir='ltr'>hortos,</span> <span class='ocrx_word' id='word_1_435' title='bbox 1234 1989 1376 2022; x_wconf 80' lang='lat' dir='ltr'>uullam</span> <span class='ocrx_word' id='word_1_436' title='bbox 1404 1989 1656 2023; x_wconf 74' lang='lat' dir='ltr'>suburbanam</span> 
     </span>
     <span class='ocr_line' id='line_1_74' title="bbox 903 2036 1656 2079; baseline 0.001 -10"><span class='ocrx_word' id='word_1_437' title='bbox 903 2038 968 2069; x_wconf 85' lang='lat' dir='ltr'>aut</span> <span class='ocrx_word' id='word_1_438' title='bbox 1001 2036 1225 2070; x_wconf 74' lang='lat' dir='ltr'>maritimam</span> <span class='ocrx_word' id='word_1_439' title='bbox 1253 2038 1505 2079; x_wconf 77' lang='lat' dir='ltr'>sumptuosam</span> <span class='ocrx_word' id='word_1_440' title='bbox 1530 2037 1656 2070; x_wconf 74' lang='lat' dir='ltr'>villam</span> 
     </span>
     <span class='ocr_line' id='line_1_75' title="bbox 902 2083 1655 2127; baseline 0.001 -10"><span class='ocrx_word' id='word_1_441' title='bbox 902 2093 1014 2127; x_wconf 75' lang='lat' dir='ltr'>neque</span> <span class='ocrx_word' id='word_1_442' title='bbox 1047 2083 1087 2116; x_wconf 83' lang='lat' dir='ltr'>iu</span> <span class='ocrx_word' id='word_1_443' title='bbox 1114 2083 1235 2117; x_wconf 77' lang='lat' dir='ltr'>Italia</span> <span class='ocrx_word' id='word_1_444' title='bbox 1268 2086 1414 2127; x_wconf 77' lang='lat' dir='ltr'>praeter</span> <span class='ocrx_word' id='word_1_445' title='bbox 1439 2084 1655 2118; x_wconf 79' lang='lat' dir='ltr'>Arretinum</span> 
     </span>
     <span class='ocr_line' id='line_1_76' title="bbox 905 2130 1655 2175; baseline 0.003 -11"><span class='ocrx_word' id='word_1_446' title='bbox 905 2133 937 2164; x_wconf 86' lang='lat' dir='ltr'>et</span> <span class='ocrx_word' id='word_1_447' title='bbox 962 2130 1234 2165; x_wconf 71' lang='lat' dir='ltr'>Nomentanum</span> <span class='ocrx_word' id='word_1_448' title='bbox 1253 2130 1431 2165; x_wconf 77' lang='lat' dir='ltr'>rusticum</span> <span class='ocrx_word' id='word_1_449' title='bbox 1446 2132 1655 2175; x_wconf 79' lang='lat' dir='ltr'>praedium,</span> 
     </span>
     <span class='ocr_line' id='line_1_77' title="bbox 905 2178 1655 2222; baseline 0.001 -10"><span class='ocrx_word' id='word_1_450' title='bbox 905 2178 1090 2221; x_wconf 68' lang='lat' dir='ltr'>omnisque</span> <span class='ocrx_word' id='word_1_451' title='bbox 1115 2178 1193 2212; x_wconf 81' lang='lat' dir='ltr'>eius</span> <span class='ocrx_word' id='word_1_452' title='bbox 1212 2179 1394 2222; x_wconf 75' lang='lat' dir='ltr'>pecuniae</span> <span class='ocrx_word' id='word_1_453' title='bbox 1413 2179 1553 2213; x_wconf 76' lang='lat' dir='ltr'>reditus</span> <span class='ocrx_word' id='word_1_454' title='bbox 1573 2189 1655 2213; x_wconf 81' lang='lat' dir='ltr'>con-</span> 
     </span>
     <span class='ocr_line' id='line_1_78' title="bbox 904 2225 1655 2271; baseline 0.004 -13"><span class='ocrx_word' id='word_1_455' title='bbox 904 2225 1026 2259; x_wconf 83' lang='lat' dir='ltr'>stabat</span> <span class='ocrx_word' id='word_1_456' title='bbox 1051 2226 1092 2259; x_wconf 76' lang='lat' dir='ltr'>iu</span> <span class='ocrx_word' id='word_1_457' title='bbox 1111 2225 1318 2269; x_wconf 77' lang='lat' dir='ltr'>Epiroticis</span> <span class='ocrx_word' id='word_1_458' title='bbox 1344 2229 1377 2260; x_wconf 88' lang='lat' dir='ltr'>et</span> <span class='ocrx_word' id='word_1_459' title='bbox 1402 2226 1558 2260; x_wconf 78' lang='lat' dir='ltr'>urbanis</span> <span class='ocrx_word' id='word_1_460' title='bbox 1570 2237 1655 2271; x_wconf 82' lang='lat' dir='ltr'>pos-</span> 
     </span>
     <span class='ocr_line' id='line_1_79' title="bbox 904 2272 1656 2309; baseline 0.001 -2"><span class='ocrx_word' id='word_1_461' title='bbox 904 2273 1134 2308; x_wconf 81' lang='lat' dir='ltr'>sessionibus.</span> <span class='ocrx_word' id='word_1_462' title='bbox 1169 2272 1293 2307; x_wconf 85' lang='lat' dir='ltr'>Andre</span> <span class='ocrx_word' id='word_1_463' title='bbox 1314 2273 1447 2308; x_wconf 87' lang='lat' dir='ltr'>hatten</span> <span class='ocrx_word' id='word_1_464' title='bbox 1467 2273 1656 2309; x_wconf 85' lang='lat' dir='ltr'>Fabriken</span> 
     </span>
     <span class='ocr_line' id='line_1_80' title="bbox 904 2319 1654 2363; baseline 0.001 -9"><span class='ocrx_word' id='word_1_465' title='bbox 904 2320 942 2354; x_wconf 91' lang='lat' dir='ltr'>in</span> <span class='ocrx_word' id='word_1_466' title='bbox 963 2319 1028 2354; x_wconf 88' lang='lat' dir='ltr'>der</span> <span class='ocrx_word' id='word_1_467' title='bbox 1049 2319 1174 2363; x_wconf 85' lang='lat' dir='ltr'>Stadt,</span> <span class='ocrx_word' id='word_1_468' title='bbox 1194 2320 1253 2354; x_wconf 89' lang='lat' dir='ltr'>die</span> <span class='ocrx_word' id='word_1_469' title='bbox 1275 2320 1327 2354; x_wconf 85' lang='lat' dir='ltr'>sie</span> <span class='ocrx_word' id='word_1_470' title='bbox 1350 2320 1466 2355; x_wconf 86' lang='lat' dir='ltr'>durch</span> <span class='ocrx_word' id='word_1_471' title='bbox 1489 2320 1654 2355; x_wconf 81' lang='lat' dir='ltr'>Sklaven</span> 
     </span>
     <span class='ocr_line' id='line_1_81' title="bbox 904 2366 1652 2413; baseline 0.003 -12"><span class='ocrx_word' id='word_1_472' title='bbox 904 2367 1108 2403; x_wconf 85' lang='lat' dir='ltr'>betrieben.</span> <span class='ocrx_word' id='word_1_473' title='bbox 1142 2369 1147 2411; x_wconf 90' lang='grc' dir='ltr'>Ι</span> <span class='ocrx_word' id='word_1_474' title='bbox 1179 2367 1244 2401; x_wconf 78' lang='lat' dir='ltr'>Ea:</span> <span class='ocrx_word' id='word_1_475' title='bbox 1257 2366 1423 2403; x_wconf 78' lang='lat' dir='ltr'>S.42.21.</span> <span class='ocrx_word' id='word_1_476' title='bbox 1460 2369 1464 2411; x_wconf 71' lang='grc' dir='ltr'>Ι</span> <span class='ocrx_word' id='word_1_477' title='bbox 1495 2378 1652 2413; x_wconf 71' lang='lat' dir='ltr'>quoyeu.</span> 
     </span>
     <span class='ocr_line' id='line_1_82' title="bbox 906 2414 1655 2460; baseline 0.001 -11"><span class='ocrx_word' id='word_1_478' title='bbox 906 2425 1017 2459; x_wconf 87' lang='lat' dir='ltr'>comp.</span> <span class='ocrx_word' id='word_1_479' title='bbox 1047 2414 1081 2449; x_wconf 89' lang='lat' dir='ltr'>S.</span> <span class='ocrx_word' id='word_1_480' title='bbox 1099 2418 1153 2450; x_wconf 78' lang='lat'>72.</span> <span class='ocrx_word' id='word_1_481' title='bbox 1170 2418 1201 2449; x_wconf 86' lang='lat'>3.</span> <span class='ocrx_word' id='word_1_482' title='bbox 1235 2416 1240 2459; x_wconf 86' lang='grc' dir='ltr'>Ι</span> <span class='ocrx_word' id='word_1_483' title='bbox 1274 2418 1328 2450; x_wconf 82' lang='lat'>15.</span> <span class='ocrx_word' id='word_1_484' title='bbox 1374 2416 1527 2450; x_wconf 80' lang='lat' dir='ltr'>illud—</span> <span class='ocrx_word' id='word_1_485' title='bbox 1543 2427 1565 2450; x_wconf 86' lang='grc' dir='ltr'><em>α</em></span> <span class='ocrx_word' id='word_1_486' title='bbox 1585 2426 1655 2460; x_wconf 78' lang='lat' dir='ltr'>quo</span> 
     </span>
     <span class='ocr_line' id='line_1_83' title="bbox 906 2461 1656 2507; baseline 0.003 -11"><span class='ocrx_word' id='word_1_487' title='bbox 906 2462 1048 2498; x_wconf 71' lang='lat' dir='ltr'>S.71.7.</span> <span class='ocrx_word' id='word_1_488' title='bbox 1079 2463 1082 2507; x_wconf 86' lang='grc' dir='ltr'>Ι</span> <span class='ocrx_word' id='word_1_489' title='bbox 1116 2461 1376 2497; x_wconf 78' lang='lat' dir='ltr'>Gat.S.64.26.</span> <span class='ocrx_word' id='word_1_490' title='bbox 1407 2464 1411 2506; x_wconf 92' lang='grc' dir='ltr'>Ι</span> <span class='ocrx_word' id='word_1_491' title='bbox 1443 2466 1542 2506; x_wconf 83' lang='lat' dir='ltr'>16sq.</span> <span class='ocrx_word' id='word_1_492' title='bbox 1572 2463 1656 2498; x_wconf 82' lang='lat' dir='ltr'>beue</span> 
     </span>
     <span class='ocr_line' id='line_1_84' title="bbox 904 2509 1654 2552; baseline 0.003 -10"><span class='ocrx_word' id='word_1_493' title='bbox 904 2520 939 2543; x_wconf 92' lang='lat' dir='ltr'>u.</span> <span class='ocrx_word' id='word_1_494' title='bbox 965 2510 1059 2544; x_wconf 79' lang='lat' dir='ltr'>male</span> <span class='ocrx_word' id='word_1_495' title='bbox 1085 2509 1311 2544; x_wconf 86' lang='lat' dir='ltr'>bezeichnen</span> <span class='ocrx_word' id='word_1_496' title='bbox 1337 2509 1442 2544; x_wconf 85' lang='lat' dir='ltr'>nicht</span> <span class='ocrx_word' id='word_1_497' title='bbox 1466 2509 1549 2544; x_wconf 84' lang='lat' dir='ltr'>blos</span> <span class='ocrx_word' id='word_1_498' title='bbox 1576 2510 1654 2552; x_wconf 85' lang='lat' dir='ltr'>das,</span> 
     </span>
     <span class='ocr_line' id='line_1_85' title="bbox 904 2556 1652 2602; baseline -0.001 -11"><span class='ocrx_word' id='word_1_499' title='bbox 904 2568 981 2591; x_wconf 81' lang='lat' dir='ltr'>was</span> <span class='ocrx_word' id='word_1_500' title='bbox 1008 2557 1076 2591; x_wconf 88' lang='lat' dir='ltr'>wir</span> <span class='ocrx_word' id='word_1_501' title='bbox 1100 2558 1210 2591; x_wconf 82' lang='lat' dir='ltr'>unter</span> <span class='ocrx_word' id='word_1_502' title='bbox 1233 2557 1330 2602; x_wconf 80' lang='lat' dir='ltr'>‘gut’</span> <span class='ocrx_word' id='word_1_503' title='bbox 1352 2557 1429 2590; x_wconf 91' lang='lat' dir='ltr'>und</span> <span class='ocrx_word' id='word_1_504' title='bbox 1452 2556 1652 2591; x_wconf 78' lang='lat' dir='ltr'>‘schlecht&#39;</span> 
     </span>
     <span class='ocr_line' id='line_1_86' title="bbox 904 2603 1654 2647; baseline 0.001 -9"><span class='ocrx_word' id='word_1_505' title='bbox 904 2604 1112 2646; x_wconf 81' lang='lat' dir='ltr'>verstehen,</span> <span class='ocrx_word' id='word_1_506' title='bbox 1122 2603 1181 2638; x_wconf 87' lang='lat' dir='ltr'>die</span> <span class='ocrx_word' id='word_1_507' title='bbox 1192 2603 1359 2647; x_wconf 86' lang='lat' dir='ltr'>Sorgfalt</span> <span class='ocrx_word' id='word_1_508' title='bbox 1370 2603 1445 2638; x_wconf 88' lang='lat' dir='ltr'>und</span> <span class='ocrx_word' id='word_1_509' title='bbox 1454 2603 1654 2639; x_wconf 85' lang='lat' dir='ltr'>Geschick-</span> 
     </span>
     <span class='ocr_line' id='line_1_87' title="bbox 904 2650 1654 2694; baseline 0.003 -10"><span class='ocrx_word' id='word_1_510' title='bbox 904 2650 1063 2686; x_wconf 86' lang='lat' dir='ltr'>lichkeit</span> <span class='ocrx_word' id='word_1_511' title='bbox 1083 2651 1146 2685; x_wconf 82' lang='lat' dir='ltr'>des</span> <span class='ocrx_word' id='word_1_512' title='bbox 1166 2651 1370 2694; x_wconf 83' lang='lat' dir='ltr'>Betriebes,</span> <span class='ocrx_word' id='word_1_513' title='bbox 1398 2650 1557 2685; x_wconf 88' lang='lat' dir='ltr'>sondern</span> <span class='ocrx_word' id='word_1_514' title='bbox 1576 2664 1654 2686; x_wconf 90' lang='lat' dir='ltr'>um-</span> 
     </span>
     <span class='ocr_line' id='line_1_88' title="bbox 903 2698 1655 2740; baseline 0.003 -8"><span class='ocrx_word' id='word_1_515' title='bbox 903 2698 1097 2732; x_wconf 80' lang='lat' dir='ltr'>fassender</span> <span class='ocrx_word' id='word_1_516' title='bbox 1124 2699 1222 2732; x_wconf 88' lang='lat' dir='ltr'>etwa</span> <span class='ocrx_word' id='word_1_517' title='bbox 1248 2698 1324 2740; x_wconf 87' lang='lat' dir='ltr'>das,</span> <span class='ocrx_word' id='word_1_518' title='bbox 1351 2709 1427 2732; x_wconf 84' lang='lat' dir='ltr'>was</span> <span class='ocrx_word' id='word_1_519' title='bbox 1452 2698 1520 2732; x_wconf 82' lang='lat' dir='ltr'>wir</span> <span class='ocrx_word' id='word_1_520' title='bbox 1545 2701 1655 2734; x_wconf 86' lang='lat' dir='ltr'>unter</span> 
     </span>
     <span class='ocr_line' id='line_1_89' title="bbox 906 2744 1651 2790; baseline 0.001 -10"><span class='ocrx_word' id='word_1_521' title='bbox 906 2744 1151 2787; x_wconf 85' lang='lat' dir='ltr'>‘ordentlich,</span> <span class='ocrx_word' id='word_1_522' title='bbox 1173 2744 1336 2790; x_wconf 80' lang='lat' dir='ltr'>tfichtig&#39;</span> <span class='ocrx_word' id='word_1_523' title='bbox 1353 2744 1429 2779; x_wconf 90' lang='lat' dir='ltr'>und</span> <span class='ocrx_word' id='word_1_524' title='bbox 1447 2745 1651 2781; x_wconf 85' lang='lat' dir='ltr'>‘schwach&#39;</span> 
     </span>
     <span class='ocr_line' id='line_1_90' title="bbox 902 2791 1655 2837; baseline 0.003 -11"><span class='ocrx_word' id='word_1_525' title='bbox 902 2792 988 2826; x_wconf 88' lang='lat' dir='ltr'>incl.</span> <span class='ocrx_word' id='word_1_526' title='bbox 1004 2791 1135 2836; x_wconf 86' lang='lat' dir='ltr'>Erfolg</span> <span class='ocrx_word' id='word_1_527' title='bbox 1154 2792 1370 2835; x_wconf 80' lang='lat' dir='ltr'>verstehen3</span> <span class='ocrx_word' id='word_1_528' title='bbox 1392 2792 1508 2837; x_wconf 85' lang='lat' dir='ltr'>vergl.</span> <span class='ocrx_word' id='word_1_529' title='bbox 1521 2794 1606 2828; x_wconf 82' lang='lat' dir='ltr'>bene</span> <span class='ocrx_word' id='word_1_530' title='bbox 1619 2806 1655 2828; x_wconf 88' lang='lat' dir='ltr'>u.</span> 
     </span>
     <span class='ocr_line' id='line_1_91' title="bbox 902 2839 1654 2884; baseline 0.003 -11"><span class='ocrx_word' id='word_1_531' title='bbox 902 2839 995 2874; x_wconf 85' lang='lat' dir='ltr'>male</span> <span class='ocrx_word' id='word_1_532' title='bbox 1009 2849 1128 2881; x_wconf 84' lang='lat' dir='ltr'>emere,</span> <span class='ocrx_word' id='word_1_533' title='bbox 1149 2839 1299 2874; x_wconf 78' lang='lat' dir='ltr'>vendere</span> <span class='ocrx_word' id='word_1_534' title='bbox 1320 2839 1354 2874; x_wconf 80' lang='lat' dir='ltr'>S.</span> <span class='ocrx_word' id='word_1_535' title='bbox 1368 2843 1445 2874; x_wconf 83' lang='lat'>162.</span> <span class='ocrx_word' id='word_1_536' title='bbox 1458 2844 1490 2884; x_wconf 91' lang='lat'>8,</span> <span class='ocrx_word' id='word_1_537' title='bbox 1508 2844 1654 2876; x_wconf 87' lang='grc'><strong>166.15.</strong></span> 
     </span>
     <span class='ocr_line' id='line_1_92' title="bbox 902 2886 1655 2933; baseline 0.003 -13"><span class='ocrx_word' id='word_1_538' title='bbox 902 2887 943 2921; x_wconf 85' lang='grc'>111</span> <span class='ocrx_word' id='word_1_539' title='bbox 956 2886 1021 2921; x_wconf 84' lang='lat' dir='ltr'>der</span> <span class='ocrx_word' id='word_1_540' title='bbox 1029 2886 1328 2931; x_wconf 69' lang='lat' dir='ltr'>Vulgarsprache</span> <span class='ocrx_word' id='word_1_541' title='bbox 1349 2887 1398 2922; x_wconf 84' lang='lat' dir='ltr'>ist</span> <span class='ocrx_word' id='word_1_542' title='bbox 1410 2888 1495 2922; x_wconf 83' lang='lat' dir='ltr'>bene</span> <span class='ocrx_word' id='word_1_543' title='bbox 1507 2887 1567 2921; x_wconf 74' lang='lat' dir='ltr'>fiir</span> <span class='ocrx_word' id='word_1_544' title='bbox 1577 2888 1655 2933; x_wconf 80' lang='lat' dir='ltr'>‘ge-</span> 
     </span>
     <span class='ocr_line' id='line_1_93' title="bbox 903 2933 1651 2980; baseline 0.003 -12"><span class='ocrx_word' id='word_1_545' title='bbox 903 2933 1028 2977; x_wconf 67' lang='lat' dir='ltr'>horig,</span> <span class='ocrx_word' id='word_1_546' title='bbox 1062 2933 1315 2968; x_wconf 75' lang='lat' dir='ltr'>schm&#39;ahlich’</span> <span class='ocrx_word' id='word_1_547' title='bbox 1363 2934 1610 2980; x_wconf 70' lang='lat' dir='ltr'>gewbhnlich.</span> <span class='ocrx_word' id='word_1_548' title='bbox 1649 2935 1651 2980; x_wconf 63' lang='grc' dir='ltr'>ξ</span> 
     </span>
    </p>
   </div>
   <div class='ocr_carea' id='block_1_21' title="bbox 1666 459 1724 502">
    <p class='ocr_par' dir='ltr' id='par_1_22' title="bbox 1666 459 1724 502">
     <span class='ocr_line' id='line_1_94' title="bbox 1666 459 1724 502; baseline 0.017 -1"><span class='ocrx_word' id='word_1_549' title='bbox 1666 459 1724 502; x_wconf 81' lang='grc'>25</span> 
     </span>
    </p>
   </div>
   <div class='ocr_carea' id='block_1_22' title="bbox 1668 520 1712 553">
    <p class='ocr_par' dir='ltr' id='par_1_23' title="bbox 1668 520 1712 553">
     <span class='ocr_line' id='line_1_95' title="bbox 1668 520 1712 553; baseline 0 0"><span class='ocrx_word' id='word_1_550' title='bbox 1668 520 1712 553; x_wconf 88' lang='grc'>88</span> 
     </span>
    </p>
   </div>
   <div class='ocr_carea' id='block_1_23' title="bbox 838 1016 1713 1072">
    <p class='ocr_par' dir='ltr' id='par_1_24' title="bbox 838 1016 1713 1072">
     <span class='ocr_line' id='line_1_96' title="bbox 838 1016 1713 1072; baseline 0.001 -13"><span class='ocrx_word' id='word_1_551' title='bbox 838 1016 906 1059; x_wconf 84' lang='lat' dir='ltr'>Ex</span> <span class='ocrx_word' id='word_1_552' title='bbox 963 1032 1046 1072; x_wconf 90' lang='lat' dir='ltr'>quo</span> <span class='ocrx_word' id='word_1_553' title='bbox 1103 1030 1258 1072; x_wconf 80' lang='lat' dir='ltr'>genere</span> <span class='ocrx_word' id='word_1_554' title='bbox 1316 1018 1652 1071; x_wconf 86' lang='lat' dir='ltr'>comparationis</span> <span class='ocrx_word' id='word_1_555' title='bbox 1669 1027 1713 1060; x_wconf 88' lang='grc'>89</span> 
     </span>
    </p>
   </div>
  </div>
 </body>
</html>
