1891 3213
55 750 90 775 10

493 87 642 123 LIBER
668 87 694 122 Ι.
748 86 849 121 CAP.
878 90 933 130 33,
962 90 1017 121 34.
1071 90 1314 130 §120—122.

1642 86 1697 128 73

112 200 225 243 dinis
268 214 358 241 non
399 200 492 239 tam
537 196 681 252 potuit
723 196 861 250 patris
908 195 1062 237 similis
1103 210 1218 250 esse,
1263 210 1392 251 quam
1437 196 1510 238 ille
1556 196 1700 239 fuerat

111 258 218 317 sui),
263 259 299 301 si
330 259 466 313 igitur
497 271 586 299 non
617 256 781 311 poterit
820 256 908 296 sive
949 270 1103 297 causas
1143 256 1401 298 defensitare
1436 256 1527 298 sive
1562 271 1698 311 popu-

109 320 200 361 lum
227 318 501 361 contionibus
534 319 680 358 tenere
714 316 804 357 sive
837 315 953 357 bella
986 329 1154 370 gerere,
1187 316 1262 357 illa
1294 319 1440 357 tamen
1474 320 1699 370 praestare

111 378 299 430 debebit,
326 392 435 433 quae
470 379 596 418 erunt
627 376 673 417 in
706 376 844 430 ipsius
877 378 1110 429 potestate,
1143 375 1375 429 iustitiam,
1409 376 1559 429 fidem,
1592 376 1698 418 libe-

70 450 86 477 5
110 439 351 492 ralitatem,
401 436 680 488 modestiam,
732 436 1086 489 temperantiam,
1138 450 1222 490 quo
1269 436 1412 477 minus
1459 436 1512 477 ab
1553 451 1602 477 eo
1643 436 1700 490 id,

111 498 225 554 quod
264 498 390 551 desit,
434 496 691 551 requiratur.

762 494 953 550 Optuma
992 498 1139 536 autem
1178 495 1397 537 hereditas
1439 510 1464 537 a
1499 496 1699 550 patribus

108 558 295 600 traditur
337 556 487 598 liberis
533 556 737 610 omnique
784 555 1050 609 patrimonio
1095 555 1391 609 praestantior
1436 556 1576 610 gloria
1614 557 1698 597 vir-

107 617 215 659 tutis
253 631 484 672 rerumque
518 618 757 671 gestarum,
798 619 865 671 qui
899 615 1098 667 (1ρᾲεὴρῂ
1140 630 1232 667 esse
1271 616 1490 668 nefaslet
1522 616 1697 668 vitium]

108 677 389 719 iudicandum
423 678 499 718 est.

230 737 291 779 Et
324 736 531 792 quoniam
565 735 709 777 officia
742 750 830 776 non
862 734 1012 776 eadem
1047 734 1292 789 disparibus
1320 735 1536 777 aetatibus
1563 735 1698 777 tribu-

108 797 442 851 untur‘aliaque
476 798 578 837 sunt
610 796 832 849 iuvenum,
879 795 964 836 alia
1004 795 1242 849 seniorum,
1284 795 1447 850 aliquid
1482 796 1614 837 etiam
1648 796 1699 837 de

107 857 190 899 hae
221 856 501 899 distinctione
529 855 756 897 dicendum
790 857 867 896 est.
917 854 999 896 Est
1030 854 1167 910 igitur
1194 855 1484 897 adulescentis
1512 856 1698 897 maiores

107 920 214 959 natu
246 916 384 959 vereri
418 930 554 970 exque
587 915 640 956 iis
674 915 864 970 deligere
898 914 1087 968 optimos
1121 919 1164 956 et
1196 915 1550 970 probatissimos,
1594 930 1698 970 quo-

107 991 204 1018 rum
237 975 420 1019 oonsilio
455 979 584 1030 atque
619 975 879 1016 auctoritate
921 975 1103 1030 nitatur3
1149 975 1339 1016 ineuntis
1383 975 1498 1016 enim
1540 976 1700 1018 aetatis

53 1048 88 1075 15
107 1036 284 1079 inscitia
311 1050 462 1077 senum
491 1035 797 1076 constituenda
826 1038 868 1076 et
893 1034 1084 1090 regenda
1111 1035 1343 1089 prudentia
1370 1038 1445 1076 est.
1493 1035 1700 1077 Maxume

110 1100 254 1138 autem
294 1095 402 1137 haee
443 1097 562 1136 aetas
603 1109 627 1136 a
668 1094 921 1136 libidinibus
962 1095 1148 1136 arcenda
1188 1098 1254 1136 est
1297 1095 1620 1150 exercendaque
1654 1096 1701 1137 in

107 1156 257 1198 labore
289 1155 588 1210 patientiaque
622 1156 665 1195 et
699 1154 831 1195 animi
865 1157 908 1195 et
941 1155 1148 1209 eorporis,
1181 1157 1230 1195 ut
1257 1168 1406 1196 eorum
1435 1155 1549 1196 etin
1576 1156 1700 1197 belli-

108 1215 168 1258 cis
202 1217 246 1256 et
277 1215 323 1256 in
356 1214 555 1256 civilibus
589 1213 744 1256 officiis
777 1214 924 1267 vigeat
956 1214 1181 1255 industria.

1246 1214 1391 1269 Atque
1436 1215 1567 1257 etiam
1602 1229 1698 1257 cum

107 1275 305 1316 relaxare
338 1274 508 1316 animos
542 1276 585 1315 et
617 1273 720 1315 dare
755 1288 799 1315 se
831 1273 1090 1315 iucunditati
1123 1274 1292 1328 volent,
1327 1277 1510 1316 caveant
1543 1276 1701 1317 intem-

56 1347 91 1372 20
110 1334 365 1389 perantiam,
397 1333 674 1375 meminerint
705 1333 1002 1387 verecundiae,
1037 1334 1151 1389 quod
1186 1334 1268 1375 erit
1300 1334 1485 1390 facilius,
1519 1336 1555 1376 si
1584 1349 1632 1377 ne
1658 1336 1702 1377 in

110 1487 334 1530 stehendem
374 1487 490 1532 vergl.
520 1487 554 1522 S.
584 1492 615 1523 7.
643 1491 682 1531 2,
719 1490 775 1522 80.
813 1491 867 1530 15,

110 1539 234 1578 8310,
260 1535 313 1570 III
336 1540 379 1571 73
394 1547 430 1581 p.
445 1535 495 1570 in.
530 1535 535 1580 Ι
570 1539 602 1571 2.
625 1536 659 1571 si
677 1536 796 1580 iqitur
811 1555 866 1569 —.

109 1583 180 1618 Die
200 1595 268 1619 vor
288 1583 354 1619 der
376 1584 602 1618 Parenthese
624 1583 867 1628 aufgestellte

111 1631 338 1677 allgemeine
376 1630 600 1676 Bedingung
637 1630 731 1665 wird
770 1631 869 1665 nach

112 1679 309 1715 derselben
344 1678 594 1724 spezialisiert
625 1678 867 1721 wiederholt3

112 1726 148 1762 S.
165 1731 220 1763 65.
239 1731 294 1761 16.
343 1730 347 1768 Ι
395 1730 427 1761 5.
467 1738 536 1772 quo
551 1728 675 1762 minus
693 1748 731 1752 —
748 1727 868 1771 requi-

110 1779 220 1810 ratur
233 1774 489 1810 Absichtssatz
504 1775 600 1809 statt
614 1775 715 1809 eines
734 1774 869 1819 Folge-

112 1824 246 1866 sames,
274 1822 356 1857 eine
384 1822 450 1857 der
476 1822 688 1867 haufigsten
710 1822 869 1857 Formen

96 1870 178 1906 'der
211 1870 246 1906 S.
263 1874 355 1906 39.7
394 1870 677 1915 besproehenen
722 1870 870 1904 Auslas·

112 1929 208 1963 sung
277 1918 378 1953 eines
439 1918 869 1963 Zwischengedankens:

116 1965 215 2000 ‘was
243 1965 442 2010 deswegen
474 1978 518 2000 zu
551 1966 755 2000 bemerken
791 1965 869 2000 ist’.

111 2011 203 2047 Dass
243 2012 310 2047 der
360 2013 446 2054 Satz
484 2013 590 2047 nicht
622 2014 677 2047 als
713 2013 873 2048 Absicht

113 2060 178 2095 des
217 2060 542 2105 fibergeordneten
587 2060 766 2105 Subjekts
805 2072 868 2095 an-

113 2108 275 2143 zusehen
318 2108 386 2151 ist,
431 2108 531 2154 zeigt
575 2108 671 2142 auch
717 2109 763 2142 ab
803 2119 869 2148 eo;

112 2156 228 2201 vergl.
264 2155 298 2191 S.
335 2159 392 2191 67.
421 2160 475 2191 10.
519 2158 523 2199 Ι
571 2159 602 2191 6.
650 2156 754 2191 desit
780 2169 808 2190 z.
836 2155 870 2190 II

115 2207 158 2238 72
172 2215 221 2239 m.
282 2205 287 2243 Ι
346 2207 378 2239 8.
445 2204 540 2238 statt
582 2207 615 2238 et
650 2204 783 2238 vitium
821 2203 872 2238 ist

113 2250 196 2286 eine
222 2251 308 2286 sehr
334 2250 546 2297 gelungene
572 2251 779 2287 Korrektur
806 2251 871 2286 des

113 2298 193 2334 cod.
221 2310 246 2344 p
272 2303 305 2334 et
329 2300 496 2343 impium.

164 2396 219 2428 11.
259 2405 326 2438 que
358 2393 392 2430 S.
417 2398 472 2430 17.
494 2399 526 2430 9.
562 2394 567 2441 Ι
604 2399 646 2430 12
663 2407 743 2439 sqq.
778 2395 866 2430 Tac.

115 2451 166 2476 or.
185 2445 231 2476 34
251 2442 368 2485 Apud
386 2443 543 2478 maiores
563 2447 707 2478 nostros
724 2444 868 2478 iuvenis

112 2489 192 2531 ille,
228 2489 292 2534 qui
323 2490 404 2532 foro
436 2493 469 2524 et
501 2491 723 2535 eloquentiae
750 2502 867 2535 para-

115 2537 243 2579 batur,
268 2537 431 2572 imbutus
462 2538 538 2572 iam
570 2539 766 2573 domestica
794 2540 866 2573 dis-

116 2584 257 2628 ciplina
281 2585 436 2628 refertus
461 2585 618 2620 honestis
642 2587 778 2621 studiis
802 2587 867 2622 de-

116 2632 367 2667 ducebatur
385 2643 409 2667 a
422 2637 533 2678 patre
547 2634 601 2668 vel
615 2645 638 2668 a
647 2635 872 2679 propinquis

116 2679 166 2714 ad
191 2691 272 2714 eum
297 2683 495 2723 oratorem,
522 2682 587 2726 qui
604 2683 811 2726 principem
831 2683 873 2717 in

116 2726 263 2762 civitate
277 2727 394 2762 locum
407 2729 610 2771 obtinebam
622 2730 719 2764 hunc
729 2730 873 2771 sectari,

116 2774 227 2809 huius
252 2776 420 2810 omnibus
452 2777 678 2811 dictionibus
703 2778 873 2812 interresse

116 2821 189 2856 sive
214 2822 256 2857 in
280 2823 433 2858 iudiciis
459 2824 534 2858 sive
565 2825 607 2859 in
640 2825 874 2860 contionibus

117 2869 360 2905 adsuescebat.
422 2871 469 2906 So
507 2872 652 2907 erz’ahlt
688 2871 762 2907 Cic.
799 2884 873 2907 von

118 2914 198 2950 sich
231 2917 333 2954 Lael.
364 2923 381 2953 1
416 2930 439 2954 a
464 2922 574 2964 patre
610 2921 665 2955 ita
692 2931 789 2955 eram
816 2921 898 2955 ole-v

943 1489 1074 1523 eluctus
1114 1486 1213 1531 (dies
1240 1487 1290 1522 ist
1316 1488 1380 1523 der
1413 1488 1619 1534 terminus)
1653 1490 1703 1525 acl

943 1536 1155 1571 Scaevolam
1189 1539 1337 1580 sumpta
1375 1537 1480 1571 cirili
1511 1541 1615 1582 toya,
1648 1542 1703 1581 ut,

943 1584 1064 1628 quoad
1100 1594 1242 1627 possem
1281 1587 1313 1619 et
1355 1584 1493 1627 liceret,
1539 1596 1562 1620 a
1606 1587 1704 1621 senis

944 1633 1054 1666 latere
1080 1643 1281 1676 numquam
1318 1632 1535 1667 discederem
1560 1652 1606 1658 —
1633 1645 1703 1678 quo

942 1683 1084 1714 mortuo
1111 1691 1164 1714 me
1192 1680 1240 1714 ad
1258 1681 1471 1724 pontificem
1491 1680 1701 1716 Scaevolam

944 1728 1084 1762 contuli
1103 1728 1304 1771 (114ssex.),
1320 1729 1395 1762 und
1412 1740 1451 1762 er
1463 1729 1581 1763 selbst
1594 1729 1701 1764 hatte

945 1775 1053 1810 einen
1068 1775 1176 1810 Kreis
1192 1787 1263 1810 von
1281 1775 1424 1820 junget]
1439 1776 1618 1811 M‘annern
1638 1789 1701 1811 um

944 1823 1035 1858 sich.
1072 1826 1077 1866 1
1115 1827 1169 1857 14.
1205 1824 1326 1858 iniens
1353 1828 1454 1858 aetas
1487 1824 1622 1868 (1144)
1651 1825 1700 1870 gl.

944 1872 1066 1906 iniens
1092 1871 1339 1906 adulescentia
1361 1872 1394 1906 S.
1419 1876 1473 1907 70.
1499 1876 1559 1914 16,
1575 1873 1703 1917 prima

946 1923 1046 1954 aetas
1066 1919 1100 1954 ΙΙ
1112 1923 1174 1963 45,
1214 1920 1364 1954 initium
1385 1921 1517 1955 aetatis
1533 1919 1567 1956 S.
1591 1924 1647 1956 95.
1669 1925 1702 1965 9,

947 1968 1106 2012 Gegens.
1135 1971 1219 2002 aeta
1243 1967 1332 2002 oder
1352 1972 1482 2002 exacta
1501 1971 1612 2010 aetas,
1635 1969 1701 2003 das

947 2015 1212 2050 Greisenalter.
1244 2016 1248 2059 Ι
1279 2019 1346 2050 aet.
1367 2015 1627 2051 inscitiaS.14.
1641 2020 1701 2060 103

943 2063 1052 2105 inse,
1083 2062 1159 2097 ‘die
1187 2062 1605 2108 Ungeschiekliehkeit,
1628 2064 1702 2099 Un—

945 2109 1229 2154 erfahrenheit’,
1270 2109 1331 2145 ein
1375 2110 1562 2146 hoflicher
1606 2112 1701 2146 Aus-

945 2157 1063 2192 druek
1078 2158 1136 2192 fiir
1149 2158 1416 2203 ‘Dummheit',
1431 2158 1492 2194 bei
1509 2158 1580 2194 Cic.
1597 2159 1704 2194 nicht

946 2217 991 2240 zu
1002 2206 1258 2241 verwecbseln
1268 2206 1338 2240 mit
1349 2207 1558 2250 inscientia,
1568 2207 1702 2243 anders

946 2253 1121 2296 beiTac.;
1138 2253 1436 2297 S.85.14‚11172.
1461 2255 1466 2299 Ι
1491 2259 1544 2290 17.
1569 2266 1704 2300 eorum,

946 2301 1001 2336 als
1018 2302 1130 2347 ginge
1146 2302 1390 2337 adulescentes
1404 2303 1480 2337 und
1498 2303 1604 2338 nieht
1616 2303 1704 2339 haee

943 2353 1043 2384 aetas
1080 2349 1241 2393 worauf3
1290 2350 1400 2384 Acad.
1429 2350 1463 2384 II
1493 2354 1557 2385 103
1599 2351 1700 2386 Aca-

942 2398 1062 2432 clemia
1086 2418 1129 2422 —
1157 2410 1181 2432 a
1206 2398 1354 2442 quibus,
1384 2402 1451 2433 120
1467 2399 1572 2434 cuius
1600 2399 1702 2444 (dei)

941 2445 1165 2480 maiestatem
1180 2446 1377 2490 beztiglich
1394 2447 1460 2480 auf
1473 2446 1533 2481 ein
1548 2447 1638 2481 vorh
1646 2457 1701 2480 er-

942 2504 1183 2538 gegangenes
1204 2494 1334 2528 divina
1349 2494 1565 2538 (sollertia),
1586 2494 1701 2529 unten

944 2540 978 2575 S.
1001 2543 1057 2575 86.
1083 2545 1143 2584 103
1170 2541 1487 2586 vergl.2.S.8.10,
1507 2541 1600 2576 1148
1616 2542 1666 2576 in.
1694 2542 1699 2588 Ι

947 2592 1000 2622 19.
1029 2589 1179 2623 iucund.
1211 2588 1424 2632 ‘Frohsinm
1459 2589 1700 2633 Heiterkeit',

947 2636 1044 2670 auch
1065 2635 1122 2670 als
1141 2636 1340 2671 bleibende
1356 2636 1602 2681 Eigenschaft
1623 2637 1699 2672 ‘Jo-

947 2682 1112 2718 vialitat’
1125 2682 1174 2728 (S.
1186 2688 1239 2718 10.
1250 2686 1302 2727 9)3
1316 2696 1379 2718 son
1386 2686 1421 2718 st
1431 2684 1527 2719 auch
1537 2684 1702 2720 konkret

950 2731 1032 2765 ‘die
1059 2731 1413 2766 Annehmlichkeit'
1462 2732 1519 2776 (S.
1547 2736 1577 2767 9.
1607 2734 1659 2777 8).
1690 2732 1694 2779 1

947 2779 1066 2813 volent
1094 2779 1235 2814 S.66.8.
1266 2781 1270 2823 Ι
1304 2783 1359 2813 20.
1392 2791 1436 2814 ne
1451 2779 1548 2814 fehlt
1567 2780 1605 2814 in
1626 2780 1700 2815 den

947 2825 1103 2860 Hdschr.
1131 2826 1343 2871 Moglicher
1358 2827 1483 2862 Weise
1504 2827 1628 2862 haben
1649 2828 1701 2863 sie

947 2885 991 2907 ne
1029 2873 1135 2908 nicht
1172 2874 1314 2909 sowohl
1358 2875 1602 2919 ausgelassen
1645 2876 1700 2910 als

947 2920 1072 2956 hinter
1092 2920 1213 2957 einem
1240 2922 1255 2956 i
1279 2922 1356 2957 und
1382 2934 1448 2958 vor
1476 2923 1595 2957 einem
1619 2934 1636 2958 e
1661 2922 1701 2957 in

1715 712 1773 754 34

1705 774 1773 805 122
