1875 3214
164 93 249 136 122

810 93 874 130 DE
903 94 1108 131 OFFICIIS

161 203 275 260 quod
304 219 511 260 praesens
538 208 764 261 tamquam
792 205 837 247 in
865 219 1043 247 manum
1071 204 1213 260 datur,
1237 204 1469 247 iucundius
1496 206 1581 260 est3
1612 206 1763 249 tamen

160 264 267 306 haec
302 265 345 306 in
380 267 602 320 posterum
647 265 856 321 gratiora.
919 264 1135 318 Theatra,
1181 265 1398 320 porticus,
1443 278 1559 307 nova
1595 266 1764 322 templa

160 324 444 367 verecundius
478 325 748 380 reprehendo
781 329 962 381 propter
996 325 1268 380 Pompeium,
1301 323 1378 367 sed
1403 324 1648 368 doctissimi
1672 339 1764 370 non

160 385 362 440 probant,
397 390 444 427 ut
478 389 521 427 et
554 385 622 428 hie
657 386 749 441 ipse
783 386 1042 440 Panaetius,
1075 400 1204 441 quem
1238 384 1426 427 multum
1459 384 1506 427 in
1536 384 1606 428 his
1638 385 1764 428 libris

160 449 334 487 secutus
369 460 486 494 sum,
529 460 618 487 non
662 446 996 500 interpretatus,
1041 449 1084 487 et
1116 444 1354 487 Phalereus
1387 443 1656 502 Demetrius,
1689 445 1763 502 qui
1783 457 1800 484 ⁶

160 504 387 560 Periclem,
415 505 657 561 principem
680 505 901 560 Graeciae,
934 506 1168 561 vituperat,
1195 505 1311 561 quod
1339 507 1509 548 tantam
1530 505 1763 561 pecuniam

160 565 203 606 in
237 566 466 620 praeclara
501 566 575 607 illa
603 566 844 622 propylaea
877 565 1123 608 coniecerit.
1180 563 1263 608 Sed
1290 565 1342 607 de
1369 565 1452 609 hoc
1479 579 1639 622 genere
1664 568 1761 609 toto

159 625 203 667 in
237 626 290 667 iis
328 626 465 680 libris,
500 640 609 681 quos
643 626 694 668 de
729 641 774 667 re
809 626 984 681 publica
1010 626 1179 681 scripsi,
1212 625 1448 682 diligenter
1473 629 1542 668 est
1568 626 1762 682 disputa-

159 690 264 728 tum.

332 686 445 728 Tota
480 687 615 742 igitur
648 687 760 728 ratio
794 686 948 728 talium
983 686 1267 742 largitionum
1301 699 1459 741 genere
1492 685 1653 729 vitiosa
1685 689 1763 742 est,

159 747 432 802 temporibus
460 747 718 801 necessaria,
752 750 796 788 et
821 750 913 788 tum
936 747 1079 802 ipsum
1107 749 1151 788 et
1177 746 1232 788 ad
1259 745 1492 789 facultates
1519 760 1763 790 accommo·
1784 758 1819 785 ιο

91 831 143 874 18
160 806 306 849 danda
339 810 381 848 et
415 807 717 849 mediocritate
752 806 1020 849 moderanda
1053 810 1131 849 est.

99 894 141 925 61
284 866 330 908 In
367 867 441 909 illo
475 871 620 909 autem
656 867 792 909 altero
828 881 985 923 genere
1019 866 1256 923 largiendi,
1290 866 1405 923 quod
1439 881 1465 909 a
1496 865 1763 910 liberalitate

159 927 468 981 proficiscitur,
514 942 602 969 non
644 942 731 969 uno
772 927 899 970 modo
935 928 977 969 in
1011 927 1262 982 disparibus
1294 926 1439 969 causis
1473 926 1634 970 adfecti
1667 941 1764 970 esse

160 986 378 1029 debemus.

444 988 544 1030 Alia
586 1003 717 1030 causa
756 991 823 1029 est
867 988 978 1042 eius,
1025 988 1098 1043 qui
1145 986 1400 1030 calamitate
1441 987 1674 1042 premitur,
1719 990 1764 1030 et

102 1060 146 1090 02
162 1048 267 1101 eius,
301 1048 375 1103 qui
409 1062 476 1089 res
511 1049 716 1091 meliores
751 1049 923 1104 quaerit
954 1048 1086 1090 nullis
1120 1047 1210 1090 suis
1238 1047 1368 1090 rebus
1396 1047 1604 1090 adversis.
1661 1046 1765 1090 Pro·
1785 1058 1820 1086 15

161 1109 340 1162 pens-ior
376 1109 625 1164 benignitas
660 1123 754 1151 esse
788 1108 964 1151 debebit
991 1109 1036 1150 in
1063 1108 1360 1163 calamitosos,
1384 1107 1472 1150 nisi
1497 1107 1610 1151 forte
1637 1111 1768 1151 erunt

158 1167 279 1223 digni
314 1169 583 1211 calamitate.

647 1169 696 1212 In
732 1169 785 1210 iis
819 1173 987 1224 tamen,
1033 1168 1106 1225 qui
1148 1183 1193 1210 se
1232 1168 1431 1211 adiuvari
1465 1167 1631 1223 volent,
1675 1182 1765 1211 non

158 1243 212 1270 ne
255 1228 543 1285 adfligantur,
591 1229 663 1270 sed
705 1233 750 1270 ut
793 1230 991 1271 altiorem
1039 1228 1223 1285 gradum
1269 1227 1527 1282 ascendant,
1571 1228 1765 1271 restricti

157 1289 336 1331 omnino
371 1304 464 1331 esse
508 1289 629 1332 nullo
670 1289 800 1332 modo
842 1289 1068 1341 debemus,
1115 1288 1189 1331 sed
1228 1289 1273 1331 in
1313 1287 1554 1345 deligendis
1593 1287 1764 1331 idoneis

159 1349 368 1391 iudicium
403 1355 445 1391 et
480 1350 754 1405 diligentiam
789 1350 1008 1392 adhibere.

1072 1348 1187 1391 Nam
1221 1349 1444 1404 praeclare
1477 1347 1670 1391 Ennius:
1784 1359 1820 1386 20

220 1409 354 1451 Rene
390 1410 531 1451 sacta
566 1411 700 1451 male
734 1411 907 1452 locata
943 1411 1076 1451 male
1110 1411 1251 1451 facta
1285 1409 1533 1452 arbitror.

97 1482 141 1512 63
159 1469 282 1519 Quod
317 1474 461 1512 autem
497 1471 709 1512 tributum
745 1473 809 1512 est
844 1471 958 1512 bono
994 1470 1087 1511 viro
1128 1474 1172 1511 et
1212 1471 1358 1525 grato,
1404 1469 1449 1511 in
1489 1483 1539 1511 eo
1580 1482 1677 1511 cum
1711 1482 1763 1510 ex

158 1530 254 1585 ipso
284 1531 450 1572 fructus
479 1535 557 1582 est,
585 1536 677 1572 tum
706 1530 839 1573 etiam
868 1546 919 1572 ex
947 1530 1116 1573 ceteris.
1168 1528 1434 1571 Temeritate
1454 1528 1571 1571 enim
1592 1530 1764 1571 remota

156 1591 408 1645 gratissima
449 1597 514 1632 est
555 1591 818 1645 liberalitas,
863 1605 1000 1646 eoque
1042 1604 1138 1632 eam
1173 1588 1410 1632 studiosius
1442 1588 1641 1645 plerique
1674 1588 1764 1631 lau-

159 1702 188 1731 1.
212 1707 390 1741 praesens
414 1696 451 1731 in
473 1696 691 1731 demselben
715 1696 829 1731 sione
852 1696 922 1731 wie

154 1756 328 1789 praesens
339 1745 784 1789 pecuniassbaresfflffl’.
819 1750 822 1783 Ι
860 1745 923 1786 (de

155 1795 288 1834 nianu)
308 1795 346 1827 in
360 1805 508 1827 manum
521 1793 610 1827 dare
623 1792 672 1826 ist
683 1792 924 1837 juristischer

160 1841 369 1876 Terminus.
430 1846 434 1883 Ι
503 1841 709 1882 iucundus,
765 1840 923 1875 ‘erfreu-

161 1889 266 1931 lich’‚
288 1889 363 1923 und
375 1893 516 1935 yratus,
534 1887 829 1924 ‘dankenswert'
848 1887 924 1922 und

161 1936 317 1983 speziell
339 1937 410 1972 mit
425 1936 640 1981 Beziehuug
660 1948 681 1971 a
742 1937 808 1972 das
823 1935 924 1971 Volk

163 1985 358 2030 ‘geeignet
373 1984 493 2020 Gunst
515 1997 559 2019 zu
581 1996 697 2019 erwcr
712 1984 789 2020 Jen’
815 1987 865 2027 (z.
883 1984 922 2019 B.

166 2033 201 2068 S.
222 2037 299 2070 125.
322 2037 355 2076 ὅ,
380 2037 458 2068 1⁶29.
475 2039 528 2076 8),
556 2033 638 2067 siud
666 2033 765 2068 oster
777 2032 925 2078 Gegen·

162 2084 283 2124 εἴητε,
304 2081 375 2116 wie
391 2082 470 2117 Att.
486 2081 537 2115 111
554 2086 599 2116 24
611 2092 667 2116 ex.
690 2082 761 2115 ista
789 2082 926 2116 veritas

161 2130 307 2165 etiamsi
326 2130 493 2165 iucunda
515 2141 587 2164 non
611 2133 673 2172 est,
693 2130 784 2164 mim
805 2133 926 2164 tamen

161 2181 271 2223 yrata
298 2181 366 2221 est,
395 2177 483 2212 fam.
506 2177 553 2211 IV
575 2181 635 2213 6.1
666 2179 773 2212 cuius
799 2178 927 2221 officia

162 2226 391 2261 iucundiora
410 2236 516 2270 saepe
537 2226 703 2268 suerunt,
725 2236 926 2270 nmnquam

163 2275 472 2319 tamenyratiora.
503 2277 507 2316 Ι
538 2277 569 2308 3.
597 2285 707 2308 -ι-ενεε.
724 2273 758 2308 S.
773 2276 895 2309 18.10.

165 2321 368 2367 Pompejus
396 2321 511 2357 baute
532 2320 601 2356 auf
617 2321 702 2356 dem
723 2320 925 2356 Marsfelde

165 2370 273 2405 nicht
285 2381 355 2404 nur
369 2369 436 2405 das
448 2373 547 2404 erste
560 2368 741 2404 stebende
751 2369 926 2412 Theater,

164 2417 328 2453 sondem
357 2418 454 2453 auch
481 2416 654 2452 daneben
676 2416 835 2461 Tempel
861 2417 927 2452 der

162 2466 289 2501 Venus
307 2465 385 2501 und
393 2464 510 2500 Vesta
521 2464 592 2500 mit
601 2464 904 2510 Saulengangen.
920 2486 922 2503 ς

161 2515 366 2550 doctissimi
385 2512 532 2549 heissen
552 2512 614 2548 die
632 2511 784 2559 grossen
799 2511 926 2547 Philo-

162 2562 317 2607 phosen,
325 2562 488 2597 homines
498 2562 598 2597 docti
608 2560 642 2596 S.
658 2564 736 2596 140.
747 2564 769 2595 4
778 2560 848 2595 mit
855 2559 924 2596 Be-

162 2609 327 2655 ziehung
352 2609 421 2645 auf
443 2610 524 2645 ihre
558 2607 923 2645 wissenschaftliche

163 2658 331 2703 Bildung
353 2657 410 2699 (S.
428 2663 458 2692 1.
477 2661 553 2701 10),
569 2657 668 2693 ohne
683 2656 788 2692 diese
799 2655 924 2691 Rfick-

163 2706 262 2741 sicht
280 2707 556 2751 sapientissimi.
594 2708 598 2749 Ι
635 2709 670 2740 4.
693 2705 753 2741 hie
768 2704 925 2748 ‘unser’,

162 2753 344 2788 wahrend
387 2757 510 2789 noster
560 2753 752 2789 entweder
799 2752 926 2788 ‘unser

163 2801 421 2836 Landsmann’
477 2801 568 2837 oder
621 2801 757 2836 ‘unser
806 2800 926 2836 lieber

162 2849 326 2884 Freund’
358 2848 503 2885 heissen
536 2849 675 2884 wiirde.
717 2850 723 2892 Ι
766 2853 797 2885 7.
854 2847 926 2884 Die

164 2896 375 2942 Propylaen
383 2897 558 2933 kosteten
572 2896 670 2933 nach
679 2897 777 2932 Plut.
787 2896 868 2932 Per.
881 2900 924 2931 13

164 2945 225 2980 die
246 2945 463 2990 ungeheure
479 2945 633 2981 Summe
654 2956 729 2980 von
744 2947 838 2980 2012
854 2943 926 2979 Ta.-

999 1696 1138 1732 lenten.
1171 1697 1177 1738 Ι
1232 1698 1374 1732 εη.ἰοίο
1387 1694 1588 1731 S.114.19.
1618 1696 1624 1739 Ι
1654 1697 1692 1730 8.
1720 1694 1764 1731 de

997 1756 1036 1779 re
1054 1756 1091 1789 p.
1121 1743 1188 1779 Die
1205 1707 1324 1779 gtelle
1345 1743 1395 1779 ist
1413 1742 1522 1778 nicht
1541 1741 1726 1779 erhalten.
1755 1743 1760 1789 Ι

999 1796 1032 1827 9.
1078 1803 1158 1837 qen.
1187 1811 1231 1817 —-
1259 1794 1364 1836 temp.
1394 1790 1459 1826 ‘an
1484 1790 1581 1826 sich’
1611 1790 1671 1834 (in
1697 1789 1764 1826 ab·

999 1842 1161 1883 stracto)
1175 1859 1218 1865 —-—
1233 1839 1362 1874 ‘unter
1370 1838 1619 1875 Umstanden’
1635 1837 1693 1882 (S.
1703 1841 1762 1874 22.

1003 1891 1080 1931 12).
1109 1886 1164 1922 De
1185 1898 1236 1922 or.
1257 1886 1434 1923 11134ex.
1454 1887 1596 1931 formae
1614 1886 1764 1923 dicendi

999 1936 1116 1980 specie
1154 1935 1342 1981 dispares,
1377 1945 1506 1980 qenere
1542 1934 1763 1980 laudabiles,

1000 1983 1109 2019 Tusc.
1120 1982 1151 2018 V
1160 1987 1206 2018 22
1217 1994 1272 2019 ex.
1281 1993 1375 2029 quae
1381 1992 1764 2029 9enere‚nonnmnero

1001 2035 1246 2074 cernerentur,
1263 2030 1497 2076 ‘qualitativ,
1518 2029 1626 2066 nicht
1644 2040 1762 2076 quan-

999 2079 1162 2120 titativ’,
1184 2081 1261 2125 opt.
1283 2090 1368 2125 gen.
1383 2082 1404 2114 3
1433 2081 1617 2115 oratorem
1633 2088 1764 2126 yenere

1001 2139 1076 2163 non
1102 2128 1230 2163 divido
1249 2147 1293 2153 ——
1314 2137 1392 2163 non
1415 2137 1544 2174 yenere
1568 2126 1764 2171 differ-iamt,

1001 2177 1064 2212 sed
1084 2177 1125 2211 in
1145 2176 1266 2211 eodem
1283 2185 1412 2221 yenere
1430 2185 1508 2211 non
1531 2178 1621 2210 sum
1638 2184 1762 2220 pares,

1002 2229 1023 2260 4
1039 2225 1080 2259 id
1091 2224 1135 2268 fit
1147 2234 1224 2259 non
1237 2233 1383 2269 yenere,
1404 2223 1467 2259 sed
1485 2222 1628 2268 gradu,
1650 2226 1672 2258 6
1686 2232 1764 2258 non

1001 2272 1214 2317 yeneribus,
1260 2272 1324 2307 sed
1366 2270 1614 2315 facultatibus
1656 2270 1763 2314 diffe-

1000 2324 1082 2356 rent
1097 2323 1180 2363 ete,
1197 2319 1300 2355 Ser.
1311 2322 1366 2354 10.
1393 2318 1521 2363 Vergl.
1534 2317 1587 2353 111
1601 2321 1646 2354 95
1660 2330 1696 2364 p.
1711 2329 1760 2353 m.

1001 2372 1143 2403 natura
1163 2387 1211 2393 -—
1230 2367 1469 2413 temporibus,
1496 2366 1532 2402 S.
1548 2369 1629 2402 133.
1644 2369 1665 2401 2
1691 2377 1762 2402 rm-

1000 2427 1098 2452 mero
1116 2436 1159 2441 —
1176 2415 1350 2461 pondere.
1396 2414 1433 2451 S.
1457 2417 1537 2453 114.
1560 2417 1616 2450 19.

1053 2468 1107 2500 12.
1142 2464 1256 2499 altero
1268 2474 1348 2509 qen.
1364 2461 1400 2498 S.
1418 2465 1499 2499 118.
1514 2465 1572 2498 35.
1601 2463 1608 2506 Ι
1632 2465 1688 2498 17.
1719 2461 1764 2498 im

1003 2512 1038 2547 S.
1060 2516 1118 2547 41.
1140 2515 1173 2548 6.
1227 2514 1232 2556 Ι
1289 2515 1343 2547 19.
1389 2521 1484 2548 omn.
1512 2509 1548 2545 s.
1569 2513 1627 2546 46.
1651 2513 1706 2546 11.
1753 2509 1761 2556 Ι

1000 2564 1056 2596 20.
1103 2560 1181 2596 iud.
1209 2563 1243 2595 et
1267 2560 1333 2596 dil.
1361 2558 1397 2595 S.
1412 2562 1470 2594 52.
1486 2562 1518 2595 7.
1567 2558 1573 2603 Ι
1619 2557 1761 2604 praeel.

1000 2608 1103 2643 Enn.
1140 2610 1193 2653 (z.
1209 2607 1361 2653 11149p.
1376 2606 1443 2653 in.)
1475 2605 1697 2643 unbekannt
1721 2604 1763 2640 in

999 2657 1183 2691 welchem
1194 2655 1346 2691 Stflcke.
1383 2654 1388 2702 Ι
1424 2658 1481 2691 21.
1504 2653 1724 2692 loc.S.35.7.
1753 2651 1759 2699 Ι

1000 2708 1057 2740 22.
1085 2704 1214 2738 tribut.
1236 2702 1271 2738 S.
1287 2706 1345 2739 50.
1363 2706 1419 2738 15.
1449 2705 1455 2747 Ι
1482 2703 1526 2738 in
1543 2711 1585 2738 eo
1603 2701 1665 2737 ffir
1683 2701 1763 2737 eius

1002 2750 1321 2787 S.41.6u.111104
1334 2750 1547 2787 iniwreiwr.
1576 2751 1582 2795 Ι
1610 2749 1760 2795 eximo,

1000 2799 1114 2834 naml.
1150 2799 1244 2834 bono
1275 2799 1368 2834 via-o.
1397 2799 1404 2844 Ι
1435 2801 1494 2834 23.
1525 2797 1674 2842 fruetus
1709 2798 1762 2832 est

1003 2847 1114 2882 ‘wird
1134 2846 1324 2890 belohnt’3
1358 2845 1484 2889 Vergl.
1499 2844 1534 2881 S.
1550 2849 1584 2882 6.
1599 2849 1633 2890 6,
1646 2843 1761 2880 Marc.

1003 2898 1047 2930 19
1062 2906 1106 2931 ex
1119 2905 1191 2940 quo
1206 2892 1381 2939 (Neutr.)
1402 2894 1589 2929 maximus
1607 2895 1660 2929 est
1678 2892 1761 2936 fru-

1001 2947 1082 2979 ctus
1107 2942 1395 2988 iucunditasque
1412 2941 1586 2987 sapienti.
1628 2942 1634 2986 Ι
1674 2950 1761 2977 rem.
